3196 5224
622 554 872 625 ..41-

215 749 397 812 nosocomii
420 747 470 811 Sti
489 747 664 829 Ludoviei,
686 750 738 812 die
761 755 811 814 26.
836 772 939 814 mens.
963 727 1205 836 111131ῃῖ1811
1230 749 1289 811 l‘a-

215 849 304 911 risiis
327 849 556 930 praesentibus
585 851 683 928 viris,
714 852 767 933 qui
795 849 853 914 illo
886 866 1031 932 ternpore
1061 852 1225 934 principes
1256 851 1288 910 in

214 949 328 1011 ordine
350 950 549 1014 medicorum
573 950 800 1014 universitatis
818 951 1016 1014 parisiensis
1037 964 1143 1028 erent,
1165 952 1288 1030 primus

213 1069 343 1111 aearum
371 1049 430 1112 sub
457 1051 675 1131 microseopio
707 1050 1234 1134 separatum'demonstrarit⁴⁸),
1257 1064 1290 1112 et

213 1162 327 1230 postea
350 1145 466 1212 iisde'm
493 1151 573 1212 viris
602 1147 740 1214 testibus
765 1152 796 1214 in
821 1151 951 1232 seipso
968 1165 1000 1212 et
1016 1148 1162 1231 pluribus
1178 1151 1288 1232 pueris

213 1251 440 1329 experimenta
462 1251 649 1328 insitionis,
677 1250 889 1314 infectionem
913 1273 970 1332 per
994 1272 1124 1314 aearum
1152 1251 1288 1313 eviden-

214 1350 340 1412 tissime
363 1348 553 1429 probantia,
584 1351 803 1432 iostituit‘⁶).
848 1347 943 1414 Nora
969 1350 1117 1413 doctrina
1149 1351 1189 1412 de
1215 1372 1287 1424 sca·

212 1443 278 1509 biei
309 1463 423 1512 natura
459 1451 569 1512 rtatim
601 1471 619 1512 a
652 1448 762 1512 multis
794 1453 983 1534 impugnata
1016 1464 1084 1524 est3
1119 1447 1288 1532 pothologi

213 1545 388 1612 clarissimi
411 1548 498 1612 illius
524 1551 679 1630 temporis
701 1551 734 1612 in
760 1572 891 1613 arenam
917 1550 1168 1627 descenderunt,
1192 1565 1288 1632 atque
1342 1543 1347 1552 ’

212 1653 376 1711 ee'rtamen
405 1648 562 1727 l'arisiis,
599 1671 681 1732 quae
711 1649 788 1713 urbs
819 1667 895 1713 trino
927 1653 1082 1731 temporis
1114 1653 1288 1730 praecipue

211 1744 392 1810 litterarum
424 1748 622 1811 medicorum
656 1737 748 1832 quasi
778 1751 874 1812 sedes
905 1765 938 1812 et
968 1748 1167 1812 domicilium
1200 1763 1288 1828 erat,

212 1845 372 1909 adfinem
397 1847 584 1926 perductum
608 1863 668 1912 est.
706 1847 804 1927 Biott,
828 1847 949 1932 llayer,
974 1835 1161 1926 Canenare,
1186 1849 1287 1911 Sche-

212 1945 275 2025 del,
298 1945 436 2010 Carolus
454 1946 649 2031 Guiljelruus
672 1945 782 2026 Starlr,
806 1948 975 2028 professor
997 1948 1165 2026 lenensis,
1191 1949 1287 2012 llate-

213 2067 285 2109 man
324 2062 437 2109 eontra
467 2051 684 2126 sententiam,
709 2049 854 2109 'exstare
886 2068 1016 2112 aearum
1050 2047 1194 2126 scabiei,
1233 2052 1286 2132 qui

211 2145 423 2208 ioloetioneru
453 2147 647 2226 adduceret,
684 2160 929 2232 pugnaverunt,
964 2161 996 2209 et
1025 2161 1213 2228 praeterea,
1250 2171 1286 2210 se

212 2244 440 2309 animalculum
465 2249 639 2330 ejosutodi,
661 2249 810 2331 quamvis
833 2243 1085 2330 diligentissime
1102 2248 1286 2330 quaesivis-

212 2361 296 2423 sent,
319 2347 489 2410 invenisse
513 2363 734 2430 negaverunt3
759 2345 886 2411 Alibert
908 2349 1036 2430 quidem
1059 2368 1189 2410 aearum
1213 2368 1286 2409 sca·

212 2443 278 2508 hiri
302 2459 436 2508 exstare
459 2449 641 2526 concessit,
661 2431 726 2510 ¹aad
758 2469 829 2510 eum
862 2448 901 2508 ad
927 2445 1187 2510 transferendam
1213 2467 1285 2508 sca·

212 2543 297 2607 hiem
322 2567 365 2608 ex
389 2545 521 2609 homine
544 2549 577 2610 in
602 2546 765 2611 hominem
783 2548 955 2631 quidquam
974 2547 1122 2609 conlrrre
1141 2547 1285 2628 negavit,

212 2649 438 2730 insertumque
476 2645 642 2730 sequelam
683 2647 928 2710 exanthematis
970 2669 1043 2708 esse
1081 2647 1283 2724 censuitfl).

212 2745 317 2832 Lugol
354 2748 428 2810 hoio
459 2749 687 2828 experientiae
720 2749 955 2832 oppugnationi
990 2769 1025 2808 se
1054 2747 1221 2827 opposuit,
1253 2761 1285 2808 et

211 2871 306 2930 quoru
331 2862 404 2940 poust
426 2848 585 2910 medieurn
610 2843 698 2909 illurn
722 2849 905 2910 nosocomii
929 2849 976 2907 Sti
997 2847 1167 2924 Ludoviei,
1191 2849 1284 2928 cujas

211 2970 309 3028 supra
333 2947 530 3010 rurationem
562 2945 720 3024 secunus,
754 2967 870 3008 auarus
900 2946 1022 3010 scabiei
1048 2968 1065 3008 a
1093 2945 1181 3008 nullo
1213 2949 1285 3009 viro

211 3050 307 3110 ‹lrrcto
337 3063 448 3127 aperte
476 3061 671 3126 conspectus
695 3060 802 3124 osset,
830 3051 859 3108 ei
887 3048 1065 3128 praemium
1098 3048 1284 3128 proposuit,

210 3150 264 3230 qui
296 3149 418 3228 primus
451 3145 512 3210 lroo
542 3143 771 3209 animalculmu
800 3147 908 3209 denuo
938 3149 1106 3227 reperiret.
1160 3144 1283 3208 Eodem

211 3264 356 3329 tempore
386 3249 426 3309 .·l.
449 3246 489 3307 de
513 3240 694 3308 llumboldt
720 3260 751 3308 et
783 3243 1019 3328 llonpland‘³)
1050 3258 1284 3321 narraverunt,

209 3350 241 3410 in
261 3343 451 3430 regionibus
468 3347 554 3406 circa
571 3344 680 3406 sontes
697 3343 842 3407 fluminis
859 3341 1026 3406 Orinocco
1049 3345 1122 3406 sitis
1139 3345 1282 3423 speciem

208 3451 296 3510 ocari
323 3443 556 3528 epldermidem
580 3441 753 3522 perfodere
789 3457 821 3504 et
854 3441 1094 3507 intolerabilem
1126 3445 1282 3523 pruritum

207 3567 388 3630 provocare
411 3559 507 3626 atque
530 3539 571 3604 ab
594 3538 713 3604 ineolis
737 3557 903 3625 unguento
928 3565 945 3605 e
969 3541 1124 3624 sulphure
1142 3557 1173 3604 et
1189 3542 1283 3623 adipe

207 3644 365 3712 crocodili
394 3643 582 3708 Amerieaoi
615 3655 728 3723 parato
764 3643 886 3704 necari.
942 3643 1104 3720 llenocei,
1139 3643 1283 3720 Cursus,

207 3749 261 3832 qui
285 3769 315 3810 a.
340 3749 421 3810 1834
443 3743 580 3806 Parisiis
603 3742 663 3804 arti
688 3741 835 3806 medicae
859 3745 995 3822 studuit,
1019 3741 1210 3806 recordatos
1233 3757 1283 3804 ost

206 3849 239 3912 io
271 3849 376 3931 patria
407 3867 465 3908 sua
496 3839 623 3906 incolas
652 3841 795 3906 sertbiem
834 3865 874 3907 eo
905 3846 1121 3928 exstinguere
1157 3840 1282 3920 solere,

286 4081 342 4164 55)
385 4079 538 4144 lissairar
550 4082 579 4142 le
591 4083 760 4165 diagnostie
774 4085 811 4143 de
827 4083 855 4145 la
872 4083 949 4165 gale.
971 4079 1066 4156 Paris,
1080 4078 1171 4140 1812.
1193 4075 1282 4158 pt9.

287 4182 342 4262 56)
385 4181 408 4244 l.
433 4184 456 4242 l.
499 4170 616 4264 p'ossti,
645 4195 675 4242 et
698 4185 793 4264 ejusd.
839 4180 986 4244 lllrimoire
1007 4192 1037 4241 et
1058 4201 1140 4262 rapp.
1166 4199 1218 4237 sur
1239 4178 1283 4238 les

204 4267 401 4346 fumigatioaa
423 4265 619 4349 sulfureoser.
661 4263 766 4342 Paris,
788 4265 880 4330 1816.
922 4287 953 4348 p.
973 4267 1004 4329 2.

286 4365 340 4444 57)
385 4364 451 4429 l.l.
494 4382 526 4448 p.
551 4367 603 4430 28.

288 4465 343 4546 58)
387 4463 506 4527 Alibert
527 4465 547 4526 l.
569 4465 590 4525 l.
630 4485 664 4548 p.
686 4463 738 4526 28.
