3196 5224
597 543 848 616 ...19-

180 761 372 825 nascantur.
403 753 467 839 Qui
485 748 594 820 status
613 747 773 842 quandam
791 745 1005 835 erysipelatis
1024 740 1263 812 similitudinem

182 892 357 980 reserens,
390 909 450 977 per
475 894 606 983 septem
630 889 686 956 vel
715 896 834 954 novem
859 885 932 954 dies
961 883 1184 970 continuatus,
1210 879 1262 944 in-

182 1025 311 1094 terdum
335 1027 420 1094 cutis
447 1023 747 1116 desquammatione
772 1021 923 1112 adeoque
949 1019 1101 1104 unguium
1124 1017 1264 1106 delapso
1331 1095 1335 1103 Ι

183 1165 302 1251 finitur,
328 1163 443 1232 scabie
466 1163 541 1257 ipsa
567 1181 609 1229 ex
633 1161 775 1256 pustulis
803 1159 942 1255 diruptis
961 1159 1140 1227 crustulum
1157 1155 1263 1240 magis

25 1379 33 1393 ,
182 1301 334 1370 minusve
361 1317 511 1394 crassam
539 1297 716 1366 eliciente.

284 1435 319 1505 2.
372 1435 514 1504 Scabies
545 1450 704 1502 nervosa.
759 1429 922 1519 Corporis
955 1431 1142 1499 constitutio
1168 1449 1264 1522 quum

184 1573 372 1642 sensibilior
396 1578 460 1662 est,
487 1571 687 1659 praesertim
714 1571 748 1638 in
774 1571 890 1658 puellis
908 1576 1007 1660 atque
1025 1570 1059 1639 in
1075 1569 1264 1638 mulieribus

82 1701 85 1716 '
184 1707 345 1776 nobiliore
370 1707 568 1791 luecurtis,
594 1705 791 1774 exanthema
816 1706 1004 1776 scabiosum
1027 1707 1117 1776 initio
1136 1705 1266 1796 quidem

65 1867 68 1874 ’
184 1846 377 1939 populosam
413 1845 548 1913 sormam
578 1844 739 1939 praebet,
779 1845 876 1911 brevi
910 1849 1061 1932 tempore
1090 1851 1201 1911 tomen
1234 1843 1267 1912 in

186 1982 391 2076 eruptionem
419 1999 462 2048 ex
489 1981 607 2075 parvis
634 1981 795 2047 ossiculis
821 1981 1035 2073 compositam
1058 1981 1145 2071 abit,
1180 1997 1267 2069 quae

184 2118 355 2186 vesiculae
380 2119 455 2186 iere
480 2118 568 2186 nulle
598 2115 767 2185 rubicundi
790 2118 913 2186 coloris
939 2120 1057 2188 areola
1088 2119 1265 2189 excellunt.

186 2255 409 2324 intolerabilis
440 2254 585 2342 pruritus
615 2271 739 2322 sensus
771 2261 839 2321 tum
869 2253 1033 2340 interdiu,
1069 2260 1136 2322 tum
1166 2263 1267 2324 noctu

171 2392 331 2480 *quietem
355 2389 479 2476 adimit,
505 2409 568 2479 quo
593 2389 693 2476 adde,
722 2389 807 2482 quod
826 2393 965 2459 nervosi
982 2391 1100 2480 capitis
1118 2389 1266 2482 dolores,

188 2528 443 2616 convulsiones,
484 2525 637 2618 adeoque
676 2528 859 2622 epilepsia,
897 2533 933 2596 et
969 2531 1172 2626 catolepsio,
1211 2536 1268 2598 aut

188 2663 313 2733 eborea
339 2658 389 2732 so
408 2663 476 2731 vid
498 2681 724 2751 nonnunquam
749 2665 880 2754 adsunt,
906 2667 1116 2757 miseraeque
1140 2687 1266 2756 aegro·
1294 2689 1308 2720 ·
1363 2689 1366 2696 ·

190 2807 246 2869 tae
271 2801 302 2867 si
330 2797 525 2908 exanthema
554 2799 641 2868 istud
672 2801 973 2896 pertinacissimum
1006 2805 1038 2871 in
1070 2824 1268 2890 organorum

189 2937 369 3005 serentium
392 2935 510 3004 vicinia
537 2934 652 3004 sedem
679 2938 804 3028 posuit,
834 2937 932 3006 facile
957 2938 1001 3007 ad
1029 2943 1179 3011 ouantem
1204 2943 1267 3011 im·

190 3073 362 3160 pelluntur.
403 3067 499 3154 Quae
521 3090 616 3160 quum
641 3071 686 3140 ita
711 3073 789 3164 sint,
812 3073 896 3144 hanc
919 3079 1125 3172 potissimum
1150 3079 1268 3149 varie-

191 3215 292 3284 tatem
323 3205 509 3307 celsusfl)
543 3213 672 3281 nomine
709 3213 822 3304 serae,
855 3214 1050 3304 ferinaeque
1087 3214 1269 3285 denotasse

191 3348 379 3419 credendus
413 3357 483 3441 est,
512 3353 673 3420 vocabulo
702 3369 827 3436 graeco
855 3341 984 3451 ἄγραν
1008 3353 1219 3446 appellatam.

291 3486 327 3554 3.
380 3485 523 3558 Scabies
546 3489 736 3580 purulenta,
774 3505 795 3554 a
821 3487 979 3556 Bebrend
1004 3490 1138 3558 scabies
1163 3507 1269 3582 aqna-

192 3627 259 3694 tira
297 3623 402 3715 dicto,
439 3625 470 3690 in
501 3623 624 3708 duglie
658 3623 839 3691 variolosa.
903 3622 998 3707 Quae
1028 3629 1083 3693 est
1120 3627 1272 3696 varietas

194 3763 384 3853 pustulosa,
418 3763 617 3858 impetiginis
653 3767 754 3850 atque
785 3760 982 3850 ectbymotis
1007 3764 1148 3853 pustulis
1178 3763 1274 3832 simol

196 3899 377 3968 orientibus
410 3901 622 3991 complicata,
659 3919 792 3988 quarum
830 3901 1040 3987 posteriores
1080 3899 1211 3968 etiamsi
1241 3901 1275 3968 in

197 4035 386 4104 universum
403 4036 531 4105 facilins
549 4053 571 4104 a
588 4042 662 4104 cute
679 4035 852 4127 recedant,
878 4042 988 4105 tammo
1007 4035 1159 4122 singulae
1176 4037 1275 4121 longe

198 4169 319 4246 diutius
341 4173 591 4262 quampriores
614 4171 737 4241 dmare
754 4172 875 4241 solent.
917 4169 1105 4241 Scabiosoe
1122 4172 1276 4268 pustulae

200 4356 544 4376 *fin—-

237 4533 241 4539 .
283 4478 338 4566 24)
381 4477 668 4545 demedicinnlibri
682 4475 777 4547 vllt.
806 4476 866 4546 Ed.
882 4477 1006 4570 Bipout.
1022 4479 1114 4622 1782.
1155 4501 1187 4566 p.
1203 4479 1276 4552 312.

1061 4587 1080 4644 2
