3196 5224
717 483 969 555 ...18-

304 687 391 775 Ejus
432 687 559 757 scabiei
600 691 794 784 pustulosac
837 689 963 776 gradus
1007 687 1236 756 vehementior
1275 687 1309 754 in
1343 685 1386 752 iis

305 823 438 891 casibus
473 832 635 915 apparet,
677 828 709 894 in
745 825 863 913 quibus
897 845 959 893 nna
993 823 1175 914 eademque
1206 821 1386 890 rubicunda

305 965 421 1031 areola
449 967 600 1052 pustulas
626 965 812 1052 complures
837 963 1081 1054 complectitur,
1106 977 1210 1049 quae,
1238 959 1386 1045 proxime

305 1100 413 1167 altero
439 1100 482 1170 ad
506 1103 644 1170 alterum
668 1102 775 1189 sitne,
812 1101 906 1168 etiam
933 1115 1101 1188 persaepe
1127 1103 1277 1181 tempore
1303 1110 1386 1180 pro-

305 1236 481 1321 grediente
516 1238 675 1307 communi
708 1241 864 1321 teguntur
898 1234 1061 1320 crustula,
1103 1232 1164 1298 sub
1203 1248 1267 1317 qua
1300 1227 1386 1296 adeo

304 1375 390 1444 lenis
413 1375 501 1443 telae
527 1379 691 1442 cutaneae
717 1370 910 1459 epidermidi
939 1371 1113 1454 subjectae
1139 1367 1297 1433 ulceratio
1324 1383 1386 1458 per

304 1511 437 1602 aliquod
461 1513 621 1607 temporis
640 1511 781 1599 spatium
802 1510 1019 1577 continuatur.
1042 1543 1081 1556 —
1106 1501 1275 1589 ceterum,
1300 1499 1387 1588 quod

304 1653 440 1739 proprie
467 1651 509 1719 ad
535 1650 735 1735 cingulorum
761 1647 963 1740 pustularum
987 1643 1125 1710 sormam
1151 1639 1286 1726 attinet,
1325 1653 1385 1702 eas

305 1787 443 1855 adferre
466 1795 644 1883 possumus
670 1787 808 1879 saepius
836 1781 1045 1872 psydracias,
1071 1798 1166 1866 quam
1194 1775 1386 1864 plrlyzacias

306 1941 407 2014 esse,
434 1923 576 2012 ideoque
602 1923 710 1992 rarius
734 1923 914 2010 globosos,
941 1919 1092 1988 crebrius
1118 1917 1233 1984 conice
1260 1912 1385 1982 acumi-

280 2064 424 2158 natas,
460 2063 604 2157 pustulis
636 2059 855 2149 ectbymatbis
891 2059 1016 2126 similes
1055 2055 1166 2125 cerni:
1207 2069 1293 2140 quae
1330 2053 1386 2114 est

305 2218 429 2270 caussa
454 2199 542 2290 quod
569 2199 732 2268 nonnullis
757 2200 789 2266 iu
814 2195 907 2265 libris
932 2193 1107 2262 discrimen
1133 2190 1220 2258 inter
1238 2185 1383 2254 scabiem

304 2338 454 2432 pustulas
486 2355 613 2425 parvas
648 2342 682 2404 et
716 2335 861 2403 scabiem
888 2351 1024 2418 magnas
1050 2327 1202 2423 pustulas
1232 2341 1315 2416 prae
1342 2337 1383 2386 se

305 2475 469 2546 serentem
494 2476 538 2542 sit
562 2474 777 2568 propositum.

403 2613 472 2680 l‘ro
497 2613 647 2680 universi
672 2615 780 2680 status
805 2606 950 2676 morbosi
974 2601 1175 2671 diversitate
1198 2595 1294 2664 varia
1316 2592 1382 2662 ad·

303 2751 397 2819 serre
424 2751 503 2820 licet
526 2749 724 2818 discrimina.
774 2743 840 2814 Est

407 2888 440 2956 l.
493 2885 638 2956 Scabies
692 2883 939 2972 phlegmonosa.
1015 2865 1163 2961 Papulae
1207 2864 1383 2956 primariae

302 3027 420 3096 areola
455 3043 638 3120 permagna
678 3022 823 3090 cernitur
858 3015 1083 3099 transitusque
1117 3009 1150 3075 iu
1184 3002 1381 3084 vesicu¹am‚

302 3165 398 3250 cujus
414 3125 529 3251 ¹liquor
556 3160 652 3228 brevi
679 3164 829 3244 tempore
865 3150 1013 3220 turbidus
1041 3146 1173 3234 evadit,
1209 3143 1384 3212 celerrime

302 3302 376 3372 tleri
400 3303 500 3371 solet.
556 3273 807 3367 l‘ruritus'non
837 3307 950 3359 merus
980 3286 1137 3373 sentitur,
1171 3279 1287 3349 dolore
1321 3295 1382 3346 co·

268 3452 272 3462 '
300 3438 446 3527 mibaute,
471 3439 525 3530 qui
551 3435 722 3506 scabendo
746 3429 915 3502 increscit.
958 3423 1061 3496 Simul
1079 3435 1247 3516 persaepe
1265 3413 1382 3500 febris,

301 3579 397 3664 cnjus
420 3583 540 3644 natura
563 3567 811 3642 inflammatoris
837 3571 904 3654 est,
929 3561 1061 3648 ingruit.
1105 3555 1170 3624 His
1186 3555 1219 3620 in
1237 3551 1381 3638 casibus,
1412 3605 1426 3622 ,

301 3732 381 3784 cura
404 3731 511 3803 saepe
545 3730 611 3779 nou
647 3715 726 3797 apto
762 3705 924 3791 adhibita,
954 3699 1131 3768 chronicae
1155 3695 1295 3762 telarum
1320 3707 1381 3757 sc-

301 3870 454 3920 rosarum
477 3847 748 3918 inflammationes
774 3843 931 3911 oriuntur.
958 3873 1008 3890 -
1040 3833 1117 3903 lluc
1149 3846 1277 3922 quoque
1301 3844 1381 3896 sca·

299 3986 374 4054 bies
402 3985 608 4056 anonuullis
636 3981 771 4050 rebellis
801 3977 994 4072 appellitata
1028 3966 1274 4042 adnumeranda
1307 3969 1381 4055 est,

193 4178 208 4195 .
299 4123 333 4189 in
361 4139 425 4212 qua
448 4121 556 4190 febris
581 4115 892 4204 vehementissima,
919 4113 1004 4182 cutis
1030 4102 1294 4196 intumescentia,
1319 4126 1381 4176 ca-

298 4259 350 4326 lor
386 4262 487 4350 atque
521 4257 665 4327 intensio
703 4269 885 4344 permagna
921 4249 1041 4343 adest3
1081 4266 1144 4339 quo
1180 4245 1313 4315 accedit
1347 4248 1382 4310 ut

299 4393 474 4484 glandulae
498 4393 630 4463 vicinae
656 4391 892 4506 intumescant,
925 4384 1187 4476 curatoresque
1210 4380 1381 4469 gastricae
