3196 5224
292 1409 356 1574 Qu
385 1490 568 1558 morborum
593 1507 748 1576 numero,
778 1507 862 1576 qrros
888 1487 1112 1572 cognoscendi
1134 1485 1271 1558 medicis

193 1591 386 1693 militaribus
421 1626 621 1712 saepissime
652 1625 786 1692 occasio
821 1627 997 1714 offeratur,
1035 1624 1169 1692 scabies
1205 1629 1272 1692 tum

193 1765 224 1830 in
260 1761 422 1830 faciendis
457 1762 626 1828 itineribus
660 1767 726 1826 tum
761 1761 790 1826 in
821 1760 954 1828 stativis
989 1762 1188 1829 nosocomiis
1217 1761 1273 1828 iu-

195 1900 323 1983 signem
351 1897 511 1986 quendam
537 1903 571 1963 et
595 1898 774 1985 principem
798 1897 902 1962 locum
931 1896 1072 1986 obtinet,
1096 1885 1135 1949 -'
1158 1903 1194 1964 at
1220 1895 1274 1964 lrio

194 2043 315 2124 tamen,
344 2036 442 2102 sicuti
467 2025 614 2122 omnino,
644 2033 698 2124 qui
724 2033 886 2125 paululum
915 2032 1054 2100 animum
1080 2031 1274 2121 attenderit,

194 2169 281 2237 haud
314 2189 392 2236 raro
418 2187 626 2255 cognoscere
653 2169 793 2256 poterit,
827 2185 923 2254 quam
957 2167 1056 2234 tacite
1080 2183 1217 2236 errores
1241 2168 1274 2234 iu

194 2306 379 2374 morborum
411 2305 562 2390 diagnosi
594 2304 758 2372 commissi
793 2301 835 2370 ad
864 2304 1065 2370 curationem
1092 2303 1273 2371 incommo-

195 2441 269 2508 dam
294 2439 467 2530 inducant,
501 2442 583 2508 item
610 2443 725 2508 virtius
761 2442 889 2510 scabiei
916 2442 1042 2510 formos
1067 2441 1185 2510 eadem
1208 2459 1272 2508 ue-

194 2579 351 2662 gligcntia
377 2579 566 2670 promiscue
594 2579 667 2645 sinc
700 2580 763 2644 ullo
796 2578 984 2646 discrimine
1011 2580 1112 2662 vulgo
1137 2577 1275 2646 tractari

194 2715 307 2781 solere
339 2714 640 2784 animadvertimus.
695 2714 789 2797 Quae
822 2734 917 2802 quum
944 2715 987 2783 ita
1015 2715 1099 2804 sint,
1128 2715 1161 2781 in
1189 2733 1272 2782 con-

194 2850 372 2916 scribenda
406 2849 467 2918 trac
497 2850 756 2940 dissertatione,
792 2870 856 2938 qna
882 2851 958 2918 mihi
981 2853 1069 2920 nullo
1094 2847 1191 2920 modo
1219 2849 1272 2916 di-

194 2987 354 3072 sciplinae
387 2952 526 3071 egregie
560 2994 679 3055 auctae
705 2994 762 3054 aut
788 2991 941 3058 excultae
965 2989 1095 3059 laudem
1122 2987 1274 3056 vindica·
1392 2985 1397 2996 '

194 3124 310 3210 verim,
338 3141 410 3190 eum
437 3125 575 3191 maxime
600 3125 805 3212 propositum
829 3125 927 3192 habui
952 3125 1060 3214 tinem,
1085 3132 1131 3214 nt,
1155 3145 1274 3212 symp-

193 3257 326 3328 tomatis
361 3261 511 3328 strictius
542 3259 793 3352 accuratiusque
828 3261 990 3353 delinitis,
1026 3263 1068 3330 ad
1098 3265 1275 3332 certiorem

194 3393 288 3486 qnam
315 3419 400 3487 quae
425 3399 619 3486 frequenter
647 3398 821 3467 adhibetor
846 3417 957 3466 curam
981 3399 1037 3465 via
1061 3403 1256 3492 pararetur:

294 3534 332 3600 ln
358 3535 510 3624 corporis
542 3533 669 3600 liumani
701 3540 776 3600 ente
802 3541 902 3601 autea
930 3533 1006 3601 nilril
1030 3554 1052 3602 a
1079 3543 1170 3604 statu
1191 3556 1275 3604 uor-

195 3672 269 3738 mali
296 3671 513 3764 discrepante
542 3687 649 3757 parva
674 3671 765 3738 rosei
792 3671 915 3738 coloris
943 3679 1062 3759 puncto
1085 3673 1277 3765 plerumque

195 3815 345 3895 tempore
372 3813 530 3876 nocturno
559 3809 694 3901 primum
721 3806 954 3876 animadversa
980 3815 1160 3904 apparent,
1192 3801 1277 3898 quae

194 3945 395 4037 praesertim
421 3947 455 4012 in
480 3965 594 4013 manus
620 3945 858 4036 digitorumque
887 3954 922 4016 et
952 3949 984 4016 iu
1011 3947 1108 4035 pedis
1137 3948 1278 4034 ejusque

196 4079 370 4166 digitorum
404 4083 572 4172 articulis,
612 4089 647 4150 et
679 4085 710 4150 iu
743 4085 959 4153 membrorum
993 4087 1127 4174 planitie
1159 4088 1279 4155 tlexio-

83 4266 90 4278 .
196 4217 247 4283 nis
279 4223 437 4308 reperta,
473 4220 584 4290 rarius
619 4219 750 4312 quidem
788 4221 840 4292 tric
874 4223 940 4292 illio
977 4225 1104 4318 passim
1142 4221 1279 4315 disper-

197 4371 258 4444 sa,
292 4353 465 4447 plerisque
502 4356 535 4424 iu
569 4355 704 4428 asinus
743 4363 853 4428 autem
881 4361 1022 4448 singulis
1052 4363 1135 4432 locis
1165 4367 1280 4431 cater-
1322 4397 1328 4404 ·

618 4472 621 4478 .
1034 4475 1076 4532 μ

423 4595 431 4612 ’
510 4569 842 4780 mesenas
