3196 5224
734 465 986 538 ..52-

325 659 464 722 buerunt
479 662 542 741 ¹¹).
587 657 650 724 Ubi
667 681 786 738 mares,
807 681 888 744 quos
911 663 1057 725 minores
1080 661 1213 724 sentinis
1237 683 1311 725 erae
1328 665 1397 748 jam

285 752 294 770 ‘
323 761 665 840 commemoravimus,
688 763 779 826 insiti
804 775 908 840 erant,
932 775 1056 824 tantum
1078 761 1220 823 irritatio
1241 763 1325 826 cutia
1349 763 1399 825 in·

323 860 445 922 sitione
468 861 537 941 ipsa
559 860 716 942 producte
739 860 917 941 oriebatur,
937 881 1019 945 quae
1045 879 1110 922 non
1134 861 1178 922 ita
1203 859 1303 924 rnutto
1326 873 1400 942 post

323 959 558 1032 evanescebat,
579 962 714 1024 minime
738 982 818 1024 reru
841 961 976 1026 infectio
999 961 1099 1022 totius
1122 963 1282 1041 corporis.

404 1065 435 1124 3.
479 1059 655 1144 Sarcoptes
680 1061 822 1125 hominis
848 1081 957 1124 morsu
980 1081 1060 1132 suo.
1095 1081 1218 1143 eoque,
1252 1063 1336 1144 qnod
1362 1064 1395 1128 in

323 1175 429 1224 cutem
453 1161 552 1224 intrat
574 1176 607 1224 et
625 1163 658 1224 in
683 1183 723 1224 ee
745 1173 900 1240 moretur,
923 1161 1047 1224 directa
1070 1163 1122 1222 ria
1145 1160 1269 1224 scabiei
1293 1184 1399 1226 etton-

323 1260 433 1324 thema
462 1261 496 1323 in
528 1275 601 1325 cute
631 1272 807 1341 provocat;
846 1259 1047 1324 exanthetrta
1076 1281 1164 1323 mere
1196 1258 1302 1324 luceio
1330 1274 1399 1338 cst,

324 1362 444 1426 etenim
467 1360 522 1424 ubi
546 1373 716 1442 sarooptes
742 1361 859 1437 intrat,
893 1359 938 1422 ibi
962 1360 1091 1424 scabies
1114 1373 1184 1436 est,
1216 1357 1292 1424 eliis
1315 1355 1398 1423 iocis

321 1481 388 1524 non
417 1451 479 1524 est.
522 1458 619 1524 Hunc
648 1457 844 1542 hypothesin
870 1463 940 1542 jam
970 1458 1114 1541 amplexi
1144 1474 1222 1522 sunt
1250 1459 1399 1542 Scaliger

322 1563 367 1643 (a.
385 1564 497 1638 1557),
528 1557 742 1623 Aldrornndn
765 1561 809 1638 (ιι.
827 1563 939 1642 tout),
962 1557 1092 1639 Mouiet
1115 1562 1159 1639 (a.
1177 1563 1291 1638 1631),
1319 1581 1399 1622 enn-

321 1661 461 1742 tlemque
491 1657 641 1728 Bonotnn
671 1661 841 1740 proposuit
873 1675 905 1722 et
933 1658 1136 1724 Hiidehrnnd
1154 1661 1204 1739 ¹²)
1234 1660 1398 1742 repetivit,

321 1773 420 1842 atquc
447 1755 604 1838 arrisu)
634 1759 705 1841 ejus
737 1760 909 1822 veritatem
943 1781 983 1822 eo
1017 1759 1236 1823 demonstrari
1266 1773 1398 1834 censet,

322 1859 408 1942 quod
432 1872 601 1940 sarcoptes
623 1859 729 1920 noctis
751 1872 897 1938 tempore
920 1857 982 1922 huo
1002 1857 1080 1922 iiiuc
1102 1872 1223 1922 curret.
1263 1858 1312 1922 Ex
1336 1857 1398 1921 hac

322 1957 517 2042 hypothesi,
540 1960 568 2021 ai
592 1979 670 2022 rora
690 1970 797 2035 esset,
819 1977 1022 2040 sequeretur,
1045 1973 1080 2022 ut
1100 1956 1242 2036 scabies,
1264 1959 1292 2022 si
1315 1980 1346 2020 v.
1367 1979 1397 2022 o.

321 2079 438 2123 munus
464 2059 526 2122 hac
550 2059 680 2122 ratione
704 2058 828 2122 insecta
852 2073 953 2136 esset,
976 2072 1101 2122 tantum
1126 2058 1218 2122 tarde
1242 2079 1298 2138 per
1321 2056 1396 2120 reii-

320 2180 417 2242 quum
441 2179 558 2239 eorpus
575 2171 822 2240 propagamur,
844 2173 942 2240 utque
958 2161 986 2222 si
1009 2157 1187 2242 diiigenter
1205 2157 1396 2240 prohibere-

320 2272 389 2336 tur,
417 2261 591 2342 quominus
617 2278 733 2322 manus
760 2256 883 2319 infecte
913 2255 1071 2340 reliquum
1096 2279 1213 2339 corpus
1236 2271 1396 2343 tangeret,

256 2377 260 2386 ·
320 2356 450 2424 scabies
472 2359 506 2420 in
529 2356 612 2422 alias
634 2359 781 2439 corporis
803 2371 912 2438 partes
937 2379 1070 2438 prorsus
1093 2379 1158 2422 uon
1181 2355 1395 2442 progredere-

322 2473 383 2523 tur.
427 2455 540 2540 Neque
564 2479 643 2521 rero
666 2477 720 2520 res
742 2458 788 2519 itu
811 2478 846 2518 re
870 2455 984 2535 habet,
1007 2478 1081 2521 num
1105 2456 1234 2537 Hebro,
1258 2460 1319 2522 etsi
1343 2481 1395 2522 se·

321 2557 397 2622 dulo
422 2557 568 2635 curarit,
601 2578 641 2620 ne
667 2556 785 2620 dextra
809 2575 906 2624 mauu
931 2577 1009 2633 sua,
1042 2559 1075 2620 in
1099 2579 1193 2642 quant
1218 2572 1393 2640 sarcopten

321 2656 549 2735 transtulerat,
581 2654 665 2720 alies
687 2657 835 2738 corporis
856 2671 966 2736 partes
988 2670 1153 2742 tangeret,
1176 2673 1284 2744 tamen
1308 2658 1394 2722 haud

320 2755 422 2822 multo
443 2771 518 2838 port
542 2758 575 2820 in
598 2757 733 2819 sinistra
758 2773 854 2820 manu
878 2754 1022 2820 scubicrn
1046 2773 1269 2839 erumpentem
1294 2760 1395 2837 vidit,

320 2877 514 2940 quamquam
544 2857 577 2920 in
610 2856 671 2922 hac
703 2857 839 2920 sinistre
870 2877 967 2918 uranu
1000 2859 1136 2920 omnino
1168 2857 1248 2920 nulli
1270 2858 1393 2923 scubiei

321 2955 462 3024 cuniculi
484 2957 626 3020 inveniri
644 2968 804 3038 poterant.
848 2955 1086 3036 Experimento
1106 2958 1267 3039 ejusmodi
1282 2957 1394 3023 Hebro

319 3055 421 3121 multa
452 3056 548 3134 fecit,
581 3054 795 3138 omnibusque
827 3051 956 3136 semper
989 3077 1028 3117 ea
1060 3058 1225 3119 sententia
1258 3059 1394 3138 probata

319 3171 381 3235 eat,
406 3177 502 3240 quem
525 3175 637 3219 rerem
661 3177 736 3220 esse
757 3157 879 3218 nostris
904 3153 1105 3236 temporibus
1122 3159 1190 3239 jum
1209 3160 1392 3222 certissime

319 3258 450 3322 edicere
472 3255 586 3334 licent,
611 3257 779 3320 nimirum:

398 3365 428 3421 t.
472 3357 652 3437 Soreopteu
677 3356 820 3421 hominis
843 3375 919 3418 esse
942 3357 1128 3441 contagium
1153 3359 1282 3438 vivum,
1306 3381 1391 3425 nter·

316 3456 456 3540 bumque
483 3455 710 3540 contagiosum
735 3458 769 3518 in
798 3477 935 3537 corpore
958 3477 1139 3540 generare,
1165 3463 1259 3542 anus
1281 3481 1392 3543 symp-

316 3571 406 3621 toma
434 3554 559 3620 scabiei
590 3554 790 3618 examinemus
814 3557 867 3618 sit.
912 3557 947 3618 Si
972 3555 1119 3620 nonnulli
1147 3558 1209 3620 riri
1233 3559 1321 3624 docti
1343 3561 1391 3623 tii·

283 3963 289 3978 ·
395 3907 449 3999 11)
492 3921 633 4006 Maguein
661 3923 708 3984 t'irr
737 3925 784 3984 die
814 3934 977 4005 gernmmte
999 3919 1274 3986 Thierheilkumie.
1324 3917 1389 3982 Bri.

313 4009 387 4069 seso.
407 4002 452 4068 ΙΙ.
471 4055 473 4062 .
495 4029 523 4088 p.
549 4005 619 4069 198.

367 4106 448 4251 712)
491 4104 719 4190 Bemerkungen
735 4104 1151 4190 itherdenKritzaurrcirlcg.
1181 4105 1282 4170 Ηιιιιι.
1298 4103 1390 4170 1798.

312 4210 344 4273 p.
390 4231 399 4250 .

395 4287 451 4362 13)
494 4285 741 4354 consideratione
762 4311 813 4353 rur
832 4292 862 4354 ltt
882 4290 953 4373 griis
974 4299 1004 4353 ei
1024 4288 1165 4373 l’intect,
1198 4290 1250 4373 qui
1272 4289 1303 4351 is
1323 4307 1391 4370 pro·

229 4435 232 4444 ,
312 4370 390 4434 tuit.
433 4368 531 4458 Puris.
552 4369 645 4434 1836.
