3196 5224
611 447 761 579 -'⁴⁷
811 541 861 559 ..-

202 699 313 778 durat,
346 701 379 765 in
406 723 490 784 aqua
512 700 601 764 salsa
623 702 752 765 exactis
778 701 881 764 tribus
905 699 997 765 horis
1018 703 1090 784 ejus
1113 703 1277 764 motiones

198 801 266 882 jam
291 799 416 864 debiles
438 815 533 881 sunt,
557 803 590 864 in
616 800 689 864 oleo
714 800 872 865 olivarum
896 815 971 883 post
992 802 1073 864 duas
1097 801 1194 864 horas
1219 802 1276 864 ad-

202 897 265 962 huc
286 901 355 962 vita
376 902 507 978 fruitur,
530 902 561 965 in
587 923 669 985 aqua
693 900 792 965 calcis
808 903 848 964 45
864 922 980 984 sexsg.
996 903 1090 977 vivit,
1114 901 1146 962 in
1171 914 1276 979 aceto,

201 999 234 1062 in
257 1001 373 1081 spiritu
397 1003 466 1064 vini
496 1015 529 1064 et
558 1002 591 1064 in
615 1000 781 1064 solutione
802 999 870 1064 kall
895 1000 1061 1065 sarbonici
1084 1005 1125 1061 20
1148 989 1275 1084 se'xog„

201 1099 234 1161 in
255 1097 422 1164 solutione
451 1099 519 1164 lrali
552 1100 730 1182 sulphurici
761 1107 799 1164 12
822 1121 954 1184 sesag„
983 1102 1017 1163 in
1047 1101 1164 1180 spiritu
1191 1113 1276 1162 tere·

201 1197 372 1264 blathinas
394 1205 414 1263 9
437 1221 572 1286 sesag„
601 1204 635 1265 in
665 1199 830 1264 solutione
860 1200 946 1264 acidi
977 1200 1160 1263 arsenicosi
1180 1207 1200 1262 4
1223 1217 1281 1260 ιιι·ι

201 1319 290 1382 trag„
312 1297 433 1363 solutio
455 1299 524 1365 lrali
547 1300 756 1385 hydrojodici
786 1313 997 1364 concontrata
1019 1321 1091 1362 eum
1117 1299 1276 1362 citissime

200 1413 314 1476 necat,
339 1401 372 1462 in
400 1415 570 1480 cresseio,
598 1398 762 1473 alkalibus
787 1417 819 1463 et
842 1400 946 1464 acidis
970 1396 1182 1462 rnineralibus
1205 1401 1276 1460 ani·

201 1496 374 1563 malculum
391 1501 539 1578 moritur,
555 1499 750 1583 simulatque
765 1501 986 1584 immergitur;
1004 1497 1129 1561 viribus
1145 1498 1276 1561 infestis

200 1618 266 1660 non
289 1601 490 1680 expositum,
513 1599 571 1660 sed
594 1620 613 1661 a
636 1614 710 1663 cute
734 1615 894 1664 remotum
918 1596 1038 1662 animal
1061 1598 1201 1682 quinque
1225 1597 1277 1660 vel

200 1719 261 1760 sex
287 1700 358 1762 dies
382 1702 482 1762 vitam
501 1699 672 1762 continuat
687 1705 745 1781 ⁸²).
783 1699 934 1782 Hertwig
951 1699 1033 1765 haec
1049 1699 1277 1779 experimenta

199 1797 232 1860 in
256 1799 417 1880 susceptis
440 1799 618 1861 bestiarum
641 1801 805 1881 repetivit.
846 1799 882 1862 ln
907 1799 1163 1881 experimentis,
1192 1819 1275 1887 quae

199 1879 310 1976 waic,
327 1898 437 1962 Wirth
453 1903 502 1980 ⁸³)
526 1911 558 1962 et
572 1895 723 1983 Hertwig
739 1903 789 1970 ⁸⁴)
813 1900 972 1975 lecerunt,
995 1911 1164 1979 sarcoptes
1181 1899 1277 1979 periit

199 1999 232 2060 in
256 2019 339 2082 aqua
363 1999 484 2082 frigida
506 2012 580 2080 post
595 2012 719 2082 septem
736 1996 788 2061 vel
806 2013 880 2062 octo
897 1997 978 2075 dies,
1005 1999 1037 2060 in
1056 2010 1277 2077 temperatura
1341 2075 1345 2084 ι

142 2163 146 2172 ,
199 2100 238 2178 -l-
253 2101 409 2161 25--300
430 2119 497 2162 sec.
520 2096 655 2162 lleaum.
684 2113 758 2180 post
780 2089 891 2161 decern
914 2098 1003 2174 dics,
1030 2097 1132 2160 acido·
1152 2095 1277 2180 pyroli·

199 2217 305 2280 gnoso
328 2213 362 2262 et
382 2196 529 2281 petroleo
551 2212 625 2279 post
646 2201 665 2260 3
692 2218 825 2282 sesag„
854 2197 887 2259 in
909 2218 1063 2280 equorum
1085 2197 1178 2259 urina
1202 2211 1277 2278 post

198 2303 218 2358 2
241 2298 324 2377 dies,
347 2297 465 2380 hepate
488 2294 653 2382 sulphuris
677 2300 784 2378 posti
802 2317 932 2381 sesag„
954 2299 986 2360 in
1010 2295 1175 2359 solutione
1198 2295 1275 2359 sub·

199 2395 305 2460 limati
334 2413 409 2480 post
436 2403 477 2460 20
499 2416 633 2479 sesag„
662 2397 696 2458 in
727 2398 932 2460 ammoniaco
962 2399 1107 2460 caustico
1137 2409 1212 2478 post
1235 2401 1276 2459 30

200 2518 334 2582 sesag„
363 2500 396 2561 in
425 2497 536 2560 inluso
565 2493 782 2558 belladonnae
807 2511 882 2576 post
905 2502 924 2559 2
950 2497 1070 2575 horas,
1100 2499 1132 2559 in
1164 2496 1274 2559 inluso

199 2596 393 2680 hyoscyami
416 2611 490 2678 post
514 2595 629 2659 horam
651 2617 722 2658 cum
747 2595 901 2674 dimidia,
924 2597 955 2659 in
979 2595 1090 2660 inluso
1115 2595 1275 2659 hellebori

199 2695 264 2760 albi
289 2711 322 2774 et
345 2698 430 2781 nigri
456 2711 531 2778 post
555 2699 595 2758 4⁵
618 2695 858 2778 sexagesimae

280 2797 538 2878 Experimentis,
560 2795 593 2857 in
618 2792 734 2876 quibos
751 2808 922 2877 sarcoptae
938 2796 1004 2857 cuti
1028 2794 1194 2860 hominum
1222 2819 1275 2861 sa·

198 2917 312 2960 norum
335 2897 426 2960 insiti
447 2907 534 2970 sunt,
556 2891 727 2975 probatum
751 2906 812 2971 est,
835 2895 965 2957 circiter
987 2899 1027 2956 16
1043 2897 1113 2958 dies
1129 2912 1204 2979 post
1225 2899 1275 2960 in·

198 2999 351 3061 sirionem
374 2995 564 3081 praeterire,
584 2993 773 3075 priusquam
797 2993 929 3058 scabies
953 3010 1117 3077 erumpat3
1151 2999 1275 3078 primae,

197 3096 321 3160 scabiei
343 3094 481 3180 papulae
514 3107 547 3158 et
570 3091 736 3156 vesiculae
760 3107 919 3175 apparent
941 3096 1070 3178 quidem
1095 3099 1127 3160 in
1151 3097 1274 3160 scabiei

198 3196 357 3262 cuniculis
378 3193 431 3259 rel
457 3195 609 3277 proxime
631 3191 672 3255 ab
696 3195 756 3272 iis,
780 3215 885 3277 neque
908 3191 1106 3260 temen'ulla
1131 3219 1274 3260 commo-

198 3297 320 3361 nicatio
344 3317 455 3360 earum
479 3315 550 3356 oum
577 3291 929 3377 caniculis.cognosci
965 3308 1094 3375 potest;
1129 3298 1274 3358 seriores

196 3419 276 3461 vero
296 3395 379 3460 locis
404 3407 595 3473 erumpunt,
624 3414 706 3476 quaa
735 3391 858 3456 nullum
882 3396 971 3457 aceri
995 3396 1171 3478 vestigium
1197 3417 1274 3477 prae

196 3519 232 3560 se
255 3497 382 3571 terune
413 3493 539 3560 scabiei
568 3492 719 3576 pustulae
751 3495 879 3556 demum
903 3490 1004 3556 multo
1030 3495 1138 3558 serius
1163 3497 1274 3558 oriun-

196 3601 326 3679 rurus

276 3787 332 3861 82)
370 3747 564 3850 ’Recbcrohes
590 3739 642 3849 sar
671 3785 799 3848 l'acaras
832 3787 870 3848 tle
899 3786 930 3847 la
957 3784 1024 3868 grile
1052 3785 1088 3844 (le
1120 3749 1273 3846 l'homlrre.

194 3865 280 3932 Paris
302 3869 394 3935 1884.
423 3894 452 3953 p.
494 3871 628 3935 27-29.

273 3970 328 4050 88)
371 3969 533 4034 Lehrbach
562 3974 615 4033 der
641 3965 782 4033 Seochen
811 3955 873 4030 unii
900 3969 1122 4039 ensteckenderr
1149 3965 1272 4030 Kranlr-

193 4053 296 4116 heiten
321 4055 373 4118 der
395 4051 590 4118 Hausthiere.
634 4051 751 4116 Ziirich
776 4052 869 4116 1838.
912 4075 944 4136 p.
967 4053 1037 4115 387.

193 4231 224 4298 H
256 4151 513 4319 1l⁴llebl⁸l⁰
544 4156 592 4218 liar
611 4147 660 4215 die
681 4162 844 4237 gesammte
864 4149 1140 4217 Thierheilkande.
1190 4151 1273 4218 Berl.

273 4335 330 4412 85)
370 4335 530 4404 Manneret
550 4350 581 4404 ct
601 4337 715 4420 Fleury
742 4339 900 4422 compend.
924 4339 960 4402 de
987 4339 1102 4406 medes.
1124 4339 1289 4423 prolique·

192 4415 278 4487 Paria
299 4421 393 4490 1842.
438 4421 482 4492 Τ.
505 4421 547 4491 V·
588 4447 620 4512 p.
645 4425 718 4489 244.
