3196 5224
721 467 973 542 ...3ο-

310 681 375 742 tum
399 674 533 762 sanari,
565 709 605 726 -
636 691 657 742 a
682 671 828 756 ltrebel‚
853 673 909 762 qui
941 673 1054 740 librum
1087 671 1225 764 scripsit
1257 669 1300 740 dc
1327 689 1394 740 cc-

308 805 462 894 gnitioue'
477 815 512 878 et
536 811 709 880 sanatione
733 809 881 877 scorbuti
898 800 961 904 37),
988 809 1073 876 satis
1102 807 1300 876 refutantur.

411 943 493 1015 Cum
531 947 696 1042 syphilide
737 965 867 1035 quoque
901 945 1036 1014 scabies
1074 945 1301 1032 complicatur,
1345 943 1393 1011 ita

308 1083 458 1172 quidem,
491 1091 527 1152 ut
558 1085 705 1152 homines
736 1101 868 1151 veneno
903 1099 1053 1150 venereo
1085 1081 1240 1148 insitione
1272 1085 1392 1146 trans-

308 1219 375 1288 lato
408 1221 522 1290 inlecti
556 1227 679 1309 postea
710 1221 863 1302 contagio
898 1219 1024 1286 scabiei
1053 1217 1266 1285 adiciantur:
1304 1233 1391 1304 quae

308 1357 411 1424 morbi
427 1323 533 1424 torma
547 1357 674 1424 scabiei
685 1373 858 1422 venereae
871 1354 999 1422 omniuo
1012 1353 1168 1422 nominari
1180 1359 1304 1442 potest,
1315 1351 1390 1418 dom

308 1494 451 1560 nimirum
477 1493 611 1562 scabies
636 1509 786 1560 venerea
811 1509 831 1557 e
853 1489 978 1576 judicio
1003 1487 1149 1556 Ricordii
1175 1488 1301 1556 admitti
1323 1507 1389 1556 non

307 1633 430 1717 potest.
490 1625 633 1696 Scabies
659 1645 832 1716 venereo,
866 1643 952 1714 quac
980 1631 1034 1692 cst
1057 1631 1174 1694 nostra
1198 1625 1387 1710 sententia,

307 1765 397 1832 initio
422 1765 558 1830 lormum
581 1761 684 1829 induit
708 1764 826 1850 partim
852 1763 1057 1856 populosam,
1084 1765 1203 1857 partim
1222 1782 1262 1830 ac
1280 1763 1388 1832 rarius

307 1901 522 1988 pustulosam,
549 1871 739 1986 plerunque
763 1917 824 1986 per
849 1905 951 1966 toturn
972 1917 1095 1992 corpus
1120 1901 1306 1968 crebrescit
1331 1903 1387 1964 at-

309 2056 373 2126 que
389 2039 503 2122 origini
523 2035 784 2105 exanthematum
808 2035 1068 2123 syplriliticornm
1086 2041 1120 2104 et
1138 2039 1281 2105 ulcerum
1300 2037 1385 2105 cutis

307 2176 411 2244 locum
428 2173 581 2264 praebet,
600 2193 685 2262 quac
703 2179 926 2262 symptomata
943 2176 1050 2242 omniu
1064 2192 1176 2243 corum
1189 2173 1385 2260 morborum,

309 2311 424 2398 quibus
443 2313 639 2400 excitantur,
653 2315 724 2398 jam
742 2316 922 2379 exuerunt:
940 2311 1027 2380 uncle
1045 2309 1164 2378 dictum
1182 2303 1383 2404 Henckiiil)

308 2448 382 2516 ticri
398 2465 462 2516 non
480 2465 584 2550 posse
602 2453 637 2514 ut
655 2445 699 2515 de
716 2447 826 2515 indole
845 2446 1032 2540 syphilitica
1049 2445 1146 2533 hujus
1161 2446 1385 2533 complicatio-

308 2587 360 2652 nis
388 2585 565 2652 scabiosae
590 2587 723 2651 certum·
735 2583 892 2669 judicium
920 2585 1065 2674 seratur,
1093 2587 1276 2674 neutiquam
1299 2607 1383 2682 pro-

308 2723 416 2792 babile
433 2721 577 2791 videtur.
629 2721 800 2790 Tractatio
829 2720 979 2808 ejrrsrlem
1006 2721 1262 2810 complicationis
1290 2743 1383 2791 sem-

309 2879 370 2947 per
398 2859 548 2929 rliuturna
575 2865 647 2950 est,
682 2861 881 2952 praesertim
905 2879 1001 2948 quum
1025 2865 1185 2956 suscepta
1209 2859 1383 2953 syphilidis

310 2995 479 3063 curatione
506 2995 677 3080 congestio
696 2997 867 3080 sanguinis
893 2995 936 3064 ad
962 3002 1067 3064 cutem
1095 3003 1194 3085 atque
1213 2997 1312 3081 igitur
1329 2995 1384 3064 rii-

310 3133 423 3202 iutatio
441 3131 568 3200 scabiei
591 3131 768 3218 adjuvetur
795 3137 830 3199 et
854 3115 1041 3226 augeaturp'
1060 3139 1205 3204 ceterum
1226 3135 1311 3202 baec
1329 3141 1384 3201 ta-

308 3289 382 3337 men
400 3289 514 3363 parum
533 3272 652 3340 crebra
671 3275 726 3340 est
738 3263 800 3364 ³⁹).
830 3271 884 3338 Ab
902 3271 1031 3338 bomine
1048 3271 1101 3358 qui
1119 3269 1234 3339 scabie
1243 3269 1384 3358 syphili-

308 3411 373 3476 tica
398 3417 575 3498 correptos
602 3417 655 3478 est
686 3429 912 3498 nonuunquam
945 3413 1068 3475 tantum
1092 3407 1167 3474 sola
1190 3407 1325 3474 scabies
1351 3407 1383 3474 iu

293 3541 402 3612 'ulium
420 3546 579 3616 bominem
605 3549 786 3617 transferri
809 3551 946 3642 potest:
968 3565 1050 3631 ergo
1069 3565 1190 3614 acanus
1208 3546 1383 3614 scabiosus

308 3683 412 3750 morbi
430 3683 678 3771 complicatione
694 3703 760 3753 non
777 3685 813 3756 tit
830 3685 1014 3771 contagium
1032 3683 1257 3780 complicatum
1269 3677 1330 3778 ⁴⁰).

390 3973 445 4054 37)
489 3969 569 4057 Lpz.
594 3974 689 4038 1838.
732 3997 764 4058 p.
787 3976 841 4039 47.
1074 4011 1078 4016 ·

384 4073 447 4237 ἐξ)
487 4069 947 4161 Lebrb.‹le'rgericbtbll1eclic.
970 4077 1042 4138 tore
1056 4073 1153 4163 Auag.
1194 4073 1278 4140 Berl.
1296 4078 1384 4140 titul.

308 4175 379 4258 p.l
428 4217 436 4236 .

391 4273 447 4356 39)
491 4277 532 4338 cl.
557 4273 632 4368 liar.
656 4279 708 4339 (lea
727 4275 889 4363 hopituux.
913 4275 1008 4346 1846.
1050 4273 1105 4343 Nn.
1128 4281 1159 4346 4.

391 4373 449 4458 10)
491 4372 661 4458 Ertmmn,
681 4399 733 4464 op.
754 4401 782 4448 c.
823 4399 853 4466 p·
874 4380 946 4446 244·
