3196 5224
705 511 956 582 ..qq-

379 703 422 769 Ut
452 704 665 786 Sclmridt'⁸)
693 707 812 784 refert,
845 707 962 790 capitis
992 707 1173 788 pedumque
1208 707 1372 769 motiones

297 807 455 885 imprimis
480 807 677 886 c'onspicune
699 821 785 884 sunt,
809 809 836 868 si
862 803 1127 869 animalculume
1154 819 1373 887 temperatura

294 905 467 988 frigidiore
493 907 526 968 in
550 904 739 970 calidiorem
762 906 969 970 transfertur.
1006 905 1058 967 Ex
1083 904 1372 970 observationibus

295 1007 432 1067 maximi
459 1007 633 1083 momenti,
664 1028 744 1090 quas
769 1003 940 1068 Eichstc'dt
961 1005 1057 1082 lecit,
1080 1002 1208 1068 elucere
1230 1005 1371 1081 videtur,
1435 1082 1438 1093 .

293 1118 464 1185 sarcopten
492 1103 647 1183 hominis,
671 1105 724 1167 ubi
750 1127 793 1166 ex
818 1103 915 1167 ovulo
938 1107 1107 1186 empserit,
1130 1106 1240 1168 statim
1263 1103 1369 1167 locum

293 1227 385 1267 suum
416 1193 619 1286 relinquere,
651 1203 781 1286 alioque
812 1205 917 1287 magis
947 1206 1098 1268 minusve
1130 1219 1256 1267 remoto
1286 1205 1370 1266 cutis

291 1302 364 1366 loca
388 1305 620 1385 epiderrnidern
646 1304 831 1384 perforare,
863 1318 898 1366 ut
926 1303 985 1366 suh
1016 1327 1054 1367 ea
1083 1319 1196 1368 vetere
1228 1301 1369 1366 cuticula

291 1405 439 1485 deposita
464 1426 581 1467 novam
606 1406 736 1478 indunt3
759 1405 901 1466 sortasse
924 1404 1024 1484 pedes
1048 1405 1231 1467 anteriores
1255 1417 1288 1465 et
1311 1425 1368 1484 po·
1476 1455 1481 1458 .

290 1507 448 1567 steriorcs
475 1519 715 1584 ammiratum,
738 1505 791 1585 qui
813 1503 975 1566 interdum
1001 1506 1033 1566 in
1057 1503 1181 1568 scabiei
1208 1501 1368 1566 cuniculis
1432 1581 1437 1590 Ι

291 1605 509 1684 reperiuntur,
533 1602 690 1685 reliquiae
711 1600 809 1686 liujus
833 1623 1007 1683 processus
1031 1618 1115 1667 sunl.
1157 1601 1290 1665 l‘lnmlue
1305 1605 1367 1680 '’l,

290 1720 405 1768 artetur
428 1702 523 1784 pardo
547 1705 713 1785 antiquior
733 1705 864 1779 statuit,
897 1705 1057 1766 inscrtum
1082 1707 1115 1766 in
1147 1701 1272 1786 liquore
1293 1703 1367 1763 irri-

289 1807 414 1865 tatione
439 1804 597 1884 producto
622 1803 735 1866 vivere
760 1822 823 1864 non
848 1823 958 1882 posse,
987 1817 1019 1865 et
1040 1818 1212 1884 propterea
1236 1824 1254 1864 e
1278 1803 1366 1864 vesi·

289 1901 362 1966 cula
386 1903 553 1966 decedere.
589 1903 775 1983 Sarcoptes,
801 1899 939 1966 simulac
962 1901 1021 1964 suh
1043 1900 1275 1985 epidermidem
1293 1924 1365 1982 pcr-
1436 1941 1447 1962 .

289 2005 398 2080 venit,
429 2002 489 2066 sub
519 2025 557 2065 ea
591 2001 644 2065 rel
676 2002 887 2084 epidermidis
917 1999 1198 2085 sulcos.sequens
1229 1999 1280 2063 vel
1310 2003 1365 2065 rin

289 2105 420 2166 sinuata
443 2104 601 2184 procedit.
646 2099 780 2182 Raspail
807 2114 966 2164 memorat
991 2100 1081 2165 illum
1105 2104 1186 2164 setis
1212 2101 1245 2163 in
1270 2114 1363 2184 tergo

289 2201 458 2266 collocatis
480 2202 649 2284 impediri,
678 2203 852 2284 quominus
875 2201 1015 2264 recedat.
1059 2199 1295 2286 Bourguignon
1313 2206 1363 2281 ⁸⁰)

287 2302 430 2366 affirmat
452 2315 624 2382 sarcopten
643 2301 880 2386 tantummodo,
905 2303 933 2362 si
957 2301 1130 2372 cuniculus
1154 2301 1307 2364 scabatur
1331 2315 1364 2364 ct
1420 2341 1422 2346 ·

287 2403 433 2479 fricetur,
456 2400 562 2488 locum
585 2422 678 2463 suurn
703 2399 899 2484 relinquere,
922 2399 1065 2484 alioquin
1090 2423 1169 2463 vero
1192 2403 1225 2465 in
1247 2402 1361 2465 eodem

287 2500 438 2564 cuniculo
463 2521 596 2564 manere
616 2513 647 2561 ct
669 2497 815 2582 quolibet
837 2501 944 2581 spatio
966 2505 1007 2562 24
1033 2500 1184 2564 horarum
1211 2500 1362 2565 millimo-

286 2619 368 2664 trurn
387 2622 484 2666 unum
502 2601 690 2682 procedere.
702 2635 742 2647 -
753 2597 925 2663 Eicitstedt
940 2600 1080 2683 denique
1097 2615 1129 2663 ct
1145 2599 1299 2684 lleyland
1311 2605 1360 2680 ⁸¹)

286 2703 319 2763 in
355 2700 514 2764 cuniculis
548 2696 740 2780 corpuscula
763 2695 828 2782 ,Ψ
848 2698 969 2785 longa,
992 2715 1108 2778 ovata,
1133 2699 1254 2765 coloris
1276 2703 1360 2764 insci

286 2800 338 2863 rel
362 2801 572 2863 flavescentis
593 2800 914 2879 animadverterunt,
942 2821 1025 2882 quae
1050 2801 1091 2862 iis
1115 2800 1225 2864 faeces
1249 2823 1360 2864 sarco·

286 2914 411 2981 pturum
436 2921 511 2962 csso
534 2900 697 2961 videntur.

371 2998 420 3062 ile
443 2999 684 3080 disquisitionis
700 2996 855 3062 methodo
878 2997 1079 3061 conferenda
1095 3012 1172 3061 sunt
1188 3014 1359 3081 praecepta

286 3097 473 3180 praeclara,
499 3119 581 3181 quae
603 3095 702 3160 Hiifle
724 3099 757 3159 in
779 3094 863 3159 libro
887 3095 1049 3175 „Cnemis
1072 3099 1136 3162 und
1159 3097 1358 3182 Mikroskop

284 3222 335 3262 aur
359 3197 620 3262 Kra'nkenbette.
651 3189 833 3280 ¹Erlangen
857 3201 947 3258 1848.
981 3221 1011 3278 p.
1033 3203 1084 3260 42.
1107 3199 1271 3280 proponit.

368 3296 570 3364 Albin-Grac
591 3299 819 3378 experimenta
841 3297 996 3375 instituit,
1017 3296 1170 3380 quamdiu
1191 3313 1359 3392 sarcoptes

285 3401 427 3462 hominis
449 3401 482 3461 in
504 3399 607 3460 variis
630 3393 823 3460 substantiis
846 3397 946 3459 vitam
964 3416 1063 3479 agere
1078 3394 1198 3476 valcat,
1223 3399 1357 3480 quornm
1441 3401 1448 3414 ‘

282 3514 420 3562 eventus
444 3498 497 3562 hic
519 3510 606 3560 erat:
632 3495 668 3558 ln
692 3518 774 3579 aqna
791 3519 869 3578 pura
886 3495 942 3559 illc
958 3511 1031 3577 post
1052 3511 1118 3559 tres
1134 3493 1235 3560 lroras
1252 3499 1359 3570 adime

282 3603 376 3678 vivit,
403 3599 435 3663 in
460 3598 553 3662 acido
577 3595 766 3677 sulphurico
790 3594 893 3657 diluto
919 3609 985 3658 tres
1009 3597 1239 3678 sexagesimus
1257 3597 1358 3662 horae

282 3714 392 3781 partes
415 3700 515 3763 vitam
539 3710 668 3773 servat,
699 3698 783 3758 inter
812 3695 911 3758 flores
935 3693 1109 3776 'sulphuris
1129 3709 1213 3778 'post
1243 3697 1356 3762 horam

282 3799 389 3864 adhuc
412 3802 508 3862 vivus
532 3811 600 3876 est,
628 3798 661 3859 in
690 3793 868 3877 vaporibus
896 3793 1071 3877 sulphuris
1086 3799 1126 3857 16
1147 3817 1263 3884 sesag.
1285 3821 1357 3881 per·

278 3987 608 4004 w

361 4123 416 4302 lgl
459 4123 718 4286 lldtllulrgelot
736 4225 786 4287 tlte
810 4225 890 4289 sitin.
932 4223 1014 4290 Edit.
1041 4223 1086 4290 ll.
1110 4226 1200 4291 1827.
1243 4225 1366 4337 P·3⁰⁶'.

361 4324 417 4504 gll
457 4323 736 4490 llellollloilctbiei
750 4427 891 4494 humano.
915 4429 1003 4494 Diss.
1020 4428 1123 4514 inaug.
1146 4425 1249 4498 Betui.
1265 4425 1358 4493 1836.
