3196 5224
733 548 984 620 ..10-

415 750 593 840 Ejusmodi
624 749 871 837 phaenomeuon
905 768 927 816 u
958 756 1033 846 cute
1067 751 1207 820 alienum
1239 753 1311 822 sieri
1334 771 1400 820 oon

315 895 448 984 potest,
485 891 560 976 quin
594 888 743 975 ejusdem
778 888 962 956 functiones
987 887 1130 956 nonnihit
1151 887 1276 956 atticiat
1299 894 1399 976 atque

316 1028 437 1096 laedat.
488 1028 596 1094 Nervi
619 1027 786 1114 sensitivi,
815 1044 950 1113 quorum
975 1025 1060 1090 satis
1085 1041 1203 1108 magua
1229 1023 1397 1093 multitudo

315 1185 377 1258 per
406 1172 512 1232 cotem
539 1171 709 1233 externam
734 1161 940 1251 diffunditur,
966 1160 1224 1267 vqiremeutioris
1249 1162 1398 1248 pruritus

316 1320 452 1369 sonsum
475 1302 630 1386 efficiunt,
656 1302 751 1384 quus
778 1297 884 1364 sedes
908 1296 1026 1365 eodem
1051 1303 1105 1364 est
1128 1298 1214 1379 ioco,
1241 1298 1273 1364 in
1301 1315 1398 1384 quem

316 1439 452 1505 irritatio
478 1438 543 1504 ista
570 1438 652 1519 ugit.
705 1433 769 1518 Qui
795 1435 939 1524 pruritus
965 1435 1039 1501 r'ere
1065 1442 1261 1522 perpetuus,
1286 1435 1398 1504 ieetuii

316 1577 428 1643 cature
461 1577 518 1639 aut
548 1573 773 1638 alimentorum
804 1571 998 1637 irritantium
1029 1572 1260 1660 potionumque
1291 1572 1394 1660 spiri-

315 1719 481 1780 tuosarom
506 1728 568 1774 osu
591 1709 803 1788 increscens,
831 1705 1042 1798 cupiditatem
1069 1703 1231 1791 quandam
1255 1707 1397 1774 suscitat

315 1821 484 1914 scabendo
518 1835 582 1910 siti
609 1861 743 1912 sensum
774 1849 968 1937 pergratum
1001 1835 1192 1930 dulcemque
1224 1841 1393 1927 movendi,

316 2003 379 2070 quo
408 1981 537 2070 quidem
562 1983 629 2048 iste
664 1983 860 2050 excrucians
886 1981 1033 2074 pruritus
1058 1999 1181 2048 sensus
1207 1980 1304 2073 iunge
1330 1997 1393 2044 ex-

316 2123 470 2214 superari
492 2121 644 2210 vincique
678 2112 860 2213 tertur¹³).
913 2117 1061 2208 Saepius
1089 2133 1197 2205 neque
1221 2114 1392 2202 rationo·

315 2277 377 2347 que
411 2256 563 2324 decentia
601 2255 773 2346 quidquam
811 2256 924 2322 vatent
962 2250 1006 2318 ad
1041 2253 1137 2318 istam
1184 2251 1393 2344 cupiditatem

314 2371 584 2485 opprimendamq'
612 2393 777 2481 vulgoque
807 2407 871 2458 non
904 2388 1089 2457 voluntario
1121 2389 1154 2453 iu
1178 2385 1392 2476 dormiendo,

314 2531 410 2618 quasi
435 2501 581 2594 maturati
609 2526 749 2616 quodam
776 2527 931 2592 instinctu
964 2524 1112 2611 impulsi,
1149 2541 1223 2590 eam
1255 2524 1392 2612 expiere

313 2665 461 2732 homiues
487 2665 606 2730 solent.
658 2661 738 2728 Mihi
754 2659 899 2756 ‚quidem
930 2658 973 2726 nd
1000 2658 1062 2728 hoc
1092 2665 1220 2750 tempus
1251 2659 1391 2728 nondum

183 2841 188 2848 -
314 2801 459 2886 contigit,
484 2805 520 2865 ut
541 2800 769 2885 comperirem,
795 2818 869 2865 num
891 2798 1081 2866 scabiosum
1105 2796 1302 2869 exanthemo
1325 2802 1389 2870 ad·

313 2935 375 3002 truc
401 2937 553 3003 intactum
580 2937 652 3020 pins
678 2937 823 3022 pruritus
857 2939 980 3025 cieret,
1013 2957 1106 3026 quam
1141 2936 1227 3026 quod
1253 2939 1389 3006 formum

186 3081 226 3092 ·“
313 3090 405 3138 suam
438 3055 609 3153 genuinam
636 3073 706 3154 jam
744 3075 844 3140 exuit.
895 3075 985 3143 Biott
1012 3077 1181 3143 vesicntas
1209 3076 1390 3164 pciincidas

311 3207 492 3273 arbitratur
522 3206 658 3272 omnium
693 3211 832 3275 maxime
859 3213 1016 3295 pruritum
1044 3231 1265 3314 commovere.
1318 3209 1389 3280 Ce-

311 3350 416 3409 terom
442 3361 482 3408 ea
510 3344 649 3429 proponi
673 3349 818 3430 potuerit
845 3353 1015 3440 quaestio,
1044 3371 1086 3418 ex
1115 3369 1253 3441 quanam
1280 3352 1389 3437 potis-

311 3481 426 3546 simum
454 3497 492 3543 re
516 3477 582 3544 iste
607 3484 752 3571 pruritus
779 3482 985 3578 dependeat,
1015 3506 1088 3553 uuor
1112 3489 1296 3572 contagium
1320 3489 1390 3556 vita

310 3613 491 3701 praeditum
517 3610 713 3709 (sareopteu
739 3618 876 3688 hominis
901 3615 992 3714 dico)
1027 3621 1103 3688 dum
1132 3624 1164 3689 in
1189 3641 1310 3710 eorpus
1334 3624 1388 3690 in-

310 3752 404 3820 vadit
430 3754 501 3819 suis
526 3755 771 3839 migrationibus
798 3756 948 3846 sedeque
965 3757 1130 3847 mutanda,
1154 3777 1197 3825 an
1214 3759 1289 3846 ipsa
1307 3776 1388 3826 sca·

309 3889 402 3956 biosa
429 3892 580 3978 affectio,
611 3893 716 3978 ipsum
742 3892 940 3960 exanthema
964 3894 1062 3960 istum
1085 3911 1219 3960 sensum
1248 3885 1389 3978 gignat?

312 4024 365 4090 Ad
393 4044 487 4113 quam
521 4029 749 4116 quaestionem
784 4031 913 4097 etiamsi
947 4028 989 4095 ad
1026 4029 1109 4097 hunc
1142 4030 1227 4099 diem
1254 4049 1275 4096 a
1299 4029 1385 4098 nulio

312 4211 651 4227 *⁸—

392 4345 446 4425 13)
489 4345 578 4430 Quae
598 4360 657 4413 est.
680 4372 787 4430 caum,
810 4373 864 4418 cur
886 4352 974 4418 Plato
995 4375 1060 4418 earn
1084 4355 1273 4442 effectionem
1294 4345 1384 4414 coitu

308 4453 488 4532 γλνκοτικμν
508 4449 649 4533 appellet·
