3196 5224
774 545 995 615 ..6.-

348 744 410 829 Qui
432 745 614 838 parasitus,
643 754 816 836 postquam
845 767 909 816 nvo
933 767 995 815 sun
1021 749 1052 813 in
1077 751 1183 814 canali
1207 749 1268 815 sub
1288 749 1425 842 epidor-

345 880 432 948 midc
461 883 527 949 sito
552 883 718 977 deposuit,
745 883 861 951 sedem
885 903 978 949 suam
1007 883 1179 972 relinquit,
1208 885 1266 950 toti
1293 887 1426 972 corpori

345 998 524 1086 intentione
548 1021 651 1109 illata,
679 1038 764 1108 qaae
789 1020 945 1086 morbosa
963 1019 1095 1087 infectio
1114 1019 1175 1086 sub
1194 977 1300 1086 torma
1319 1039 1426 1086 exan-

347 1153 501 1220 thematis
524 1156 555 1221 in
581 1163 794 1249 conspectum
813 1157 915 1221 venit.
958 1154 1011 1220 De
1030 1154 1282 1246 exanthematis,
1309 1174 1426 1244 quam-

346 1293 401 1358 vis
427 1309 492 1358 aon
518 1293 614 1359 recta
638 1311 701 1385 per
726 1299 907 1384 sarcopten
936 1292 1073 1360 hominis
1103 1295 1235 1380 ellecti,
1262 1293 1368 1360 torma
1395 1296 1427 1360 iu

346 1426 439 1494 libris
474 1426 517 1493 dc
547 1428 709 1495 medicina
742 1430 974 1516 sigillatimque
1008 1430 1051 1497 dc
1084 1431 1200 1498 scabie
1236 1434 1426 1518 compositis

347 1566 433 1632 satis
458 1583 578 1649 magna
605 1565 817 1649 cognoscitur
844 1567 988 1632 virorum
1015 1565 1215 1632 eruditorum
1245 1567 1426 1657 dissensio,

349 1718 444 1787 quam
469 1719 531 1766 nos
564 1699 694 1787 quidem
723 1720 787 1767 non
813 1701 998 1769 mirabimur
1026 1702 1201 1768 exstitisse
1234 1705 1263 1768 si
1289 1705 1427 1791 saepius

349 1858 428 1907 sero
466 1857 562 1927 qnam
594 1846 742 1927 mature,
773 1839 912 1932 saepius
948 1838 979 1904 in
1011 1837 1163 1930 corporis
1194 1841 1427 1906 constitutione

350 1976 554 2072 depravata,
581 1996 675 2065 quam
701 1973 778 2072 (pro
804 1984 879 2042 rata
906 1972 1017 2070 parte)
1044 1975 1130 2041 bona
1155 1974 1280 2040 illorum
1304 1977 1427 2042 oloser-

347 2115 501 2184 votiones
532 2115 700 2182 institutos
733 2131 813 2180 esse
848 2109 1127 2202 reputaverimus.
1179 2109 1283 2194 Quum
1318 2118 1428 2178 autem

348 2255 380 2320 in
411 2251 554 2336 genuina
584 2249 710 2316 scabiei
741 2249 849 2315 turma
880 2245 1122 2324 constituenda,
1143 2249 1281 2314 omnium
1315 2268 1427 2316 corum

347 2408 481 2459 casuum
506 2387 622 2478 quihus
647 2385 679 2452 id
707 2385 905 2452 exanthemn
929 2388 1154 2478 complicatum
1178 2389 1322 2452 cernitur
1340 2386 1427 2452 nulla

348 2523 499 2594 ducenda
533 2527 578 2592 sit
607 2525 713 2612 ratio,
746 2543 904 2612 quumque
940 2525 1015 2591 vice
1041 2541 1145 2591 versa
1178 2521 1427 2615 phaenomenon

347 2664 589 2754 patlrulogicum
617 2661 797 2747 simplicius
821 2659 1044 2725 constitutioni
1063 2657 1214 2728 validiori
1232 2657 1427 2724 adtribuen-

298 2869 304 2886 ,
348 2799 422 2867 dum
443 2799 554 2887 suerit,
580 2798 732 2892 papulam
757 2799 885 2864 omniuo
910 2815 970 2884 pro
996 2798 1137 2881 genuino
1165 2797 1271 2866 torma
1295 2795 1426 2862 habear-

348 2937 422 3004 darn
458 2954 560 3022 esse,
597 2938 853 3002 consentaneum
890 2931 1065 3000 videbitur.
1127 2932 1183 3000 Uti
1215 2933 1426 3016 Angticurnm

345 3071 546 3142 medicorum
569 3072 718 3162 plerique
746 3068 943 3135 exontlrema
972 3066 1047 3133 illud
1075 3070 1278 3154 pustulosum
1304 3068 1426 3159 dicunt,

344 3211 392 3278 ita
411 3208 530 3276 Gallici
553 3208 779 3286 vesiculusnrn
807 3209 981 3294 nominant,
1009 3225 1104 3293 quum
1126 3207 1269 3272 nonnulli
1295 3224 1426 3294 rursuS,

342 3347 391 3413 uti
415 3345 542 3412 Willan
568 3352 603 3412 et
625 3337 831 3438 floremont)
864 3343 1067 3434 eruptionem
1094 3361 1137 3408 ex
1162 3344 1303 3433 papulis,
1329 3345 1427 3410 vesi-

344 3487 426 3556 cnlis
449 3483 658 3578 pustulisque
683 3483 911 3568 constitutam,
950 3479 992 3545 ad
1024 3479 1171 3568 pustulas
1196 3486 1305 3545 tomen
1330 3478 1426 3545 resc-

344 3621 479 3693 rcndam
506 3640 587 3689 esse
607 3618 774 3707 judicent,
807 3619 953 3685 scabiem
980 3617 1248 3709 papulisurmem,
1273 3613 1425 3701 lympha·

343 3762 452 3849 ticam,
476 3759 682 3853 purulentum
709 3765 743 3823 et
768 3756 988 3824 eachecticam
1007 3754 1260 3840 distinguentes,
1289 3770 1426 3839 quarum

243 3865 252 3890 Ν
344 3897 430 3966 dnae
446 3897 596 3986 ultimae,
620 3901 758 3964 auctore
781 3896 891 3983 Biett,
923 3892 1050 3961 scabiei
1080 3891 1218 3982 speeies
1244 3906 1308 3955 nnn
1336 3895 1425 3954 sunt.

427 4167 461 4249 2)
503 4165 603 4230 Pract.
631 4162 830 4250 Daratellung
864 4168 915 4228 der
936 4163 1232 4228 Hautkmnklreiten‘
1254 4163 1331 4224 nach
1358 4163 1428 4221 dena

346 4265 488 4348 Syateme
518 4269 571 4328 den
603 4265 660 4329 Dr.
688 4265 816 4330 Willna
844 4276 903 4328 etc.
934 4287 964 4330 v.
996 4262 1057 4328 Th.
1085 4263 1247 4340 Bateman,
1276 4263 1428 4325 nns'dem

344 4366 439 4452 Engl.
462 4388 492 4430 u.
516 4363 680 4444 Colmann,
712 4369 851 4449 hornung.
884 4386 913 4428 a.
937 4363 1030 4428 Ernst
1052 4361 1185 4429 Blnoins.
1227 4361 1308 4446 Lpz.
1333 4363 1429 4426 tuot.

252 4451 256 4460 ’
345 4490 378 4552 p.
400 4467 473 4532 nos.
