3196 5224
727 456 1056 531 -26--1

316 665 523 736 adduxerant
547 663 591 731 ad
616 682 669 731 me
685 661 878 749 rogandum,
905 665 941 728 ut
958 658 1103 728 marbum
1121 659 1196 744 ejus
1213 672 1405 726 venereum

316 819 477 869 aurarem.
526 798 635 870 Etiam
667 799 782 868 liebra
809 797 955 868 scabiem
981 798 1014 864 in
1038 814 1128 891 pene
1152 793 1401 866 animadvertit.

415 951 570 1022 Scabiem
594 953 627 1020 in
649 951 839 1020 membrana
864 951 1011 1045 tympani
1034 951 1125 1022 auria
1151 950 1282 1026 adbuc
1307 957 1400 1018 tem-

315 1114 379 1181 pas
405 1093 532 1160 frustra
555 1095 695 1160 conatus
720 1108 792 1156 sam
816 1089 1012 1156 observare.

416 1229 557 1300 Scabies
585 1231 663 1298 aive
696 1229 732 1297 vi
765 1231 904 1297 naturae
926 1223 1140 1294 medicatriae
1169 1223 1245 1292 siva
1274 1223 1398 1292 auxilia

235 1329 238 1338 *
315 1368 397 1434 artis
421 1367 554 1434 anblata
585 1367 704 1454 luerit,
737 1365 836 1432 nihilo
867 1364 974 1449 magis
1000 1369 1110 1430 tamen
1135 1362 1264 1430 sanitas
1290 1363 1397 1430 resti-

314 1508 384 1569 luta
418 1521 484 1570 nau
514 1503 607 1572 salas
643 1506 698 1570 eat
732 1501 841 1568 exitus
874 1501 1017 1572 scabiei:
1054 1503 1148 1568 imma
1180 1501 1289 1588 patius
1328 1519 1396 1570 nan

314 1663 391 1712 rara
427 1659 519 1729 eam,
557 1641 662 1708 forma
697 1645 823 1708 ramata
857 1637 1049 1732 principali,
1086 1639 1234 1730 speeiem
1256 1635 1396 1706 intuere

314 1777 466 1846 videmus
494 1777 615 1844 ulceris
642 1773 810 1867 scabiaal3
835 1778 956 1844 etenim
982 1780 1162 1842 naacnntnr

415 1929 538 1998 Ulcera
560 1929 716 1998 scabiosa
742 1948 772 1997 a.
792 1930 939 2015 psariaa,
965 1927 1285 2014 Krlilzgasabwiire.
1330 1927 1394 1996 Ul-

315 2085 392 2136 eera
418 2068 573 2136 aaabiasa
596 2068 787 2155 plerumque
812 2071 889 2134 aaut
921 2063 1077 2150 rotunda,
1113 2066 1260 2150 margine
1293 2083 1393 2133 araa-

314 2213 411 2292 aala,
443 2207 580 2274 eirauitu
605 2207 636 2273 in
661 2206 789 2274 madum
818 2203 1030 2298 erysipelatls
1056 2203 1221 2291 colorata,
1248 2202 1301 2289 qui
1328 2220 1393 2288 pa·-
1445 2291 1453 2304 ·

315 2344 409 2428 palas
442 2361 527 2436 prae
560 2359 601 2409 aa
633 2342 701 2408 sert
733 2343 889 2436 proprias
924 2347 981 2408 aut
1015 2342 1153 2434 saepius
1189 2341 1327 2408 bullulas
1353 2361 1394 2409 aa

315 2478 486 2572 pustulas,
522 2475 622 2544 sunda
654 2495 719 2545 nau
753 2477 918 2565 depressa
949 2477 1130 2565 subrubra,
1170 2479 1224 2566 qui
1258 2483 1394 2544 secreta

316 2620 426 2681 tectna
458 2619 512 2678 eat
547 2611 654 2680 albida
688 2631 843 2701 macana,
876 2615 1057 2682 crassiore.
1108 2614 1199 2681 idem
1228 2623 1395 2684 secretum

315 2754 346 2818 in
379 2751 546 2818 crustulas
583 2728 797 2816 exstreearit‘
815 2747 943 2839 iuvas,
982 2749 1157 2835 sordidas,
1193 2757 1228 2818 et
1259 2751 1394 2820 adorem

318 2887 450 2980 spargit
473 2903 624 2974 gravam,
652 2886 877 2975 peculiarem„
888 2904 951 2975 aee
975 2905 1039 2955 nan
1067 2891 1253 2974 contagium
1281 2895 1397 2959 trans-

318 3023 409 3090 lerra
429 3022 513 3090 laisa
530 3019 657 3088 dicitnr.
692 3022 844 3089 Prurilns
862 3026 1063 3117 praesertim
1078 3027 1140 3093 snb
1158 3029 1271 3096 calare
1285 3027 1394 3096 laetali

316 3144 496 3224 uberrimus
529 3164 583 3225 est
611 3163 645 3224 et
677 3159 771 3245 quasi
805 3177 907 3226 urens
932 3178 1013 3229 asse
1039 3163 1247 3232 describitur.
1301 3160 1394 3230 Che-

315 3289 440 3391 basil)
470 3313 510 3362 ea
544 3295 655 3362 ulcera
681 3311 846 3380 repressa
872 3295 986 3364 scabie
1019 3299 1174 3383 primaria
1197 3300 1277 3368 ariri
1301 3300 1393 3366 arbi·

314 3439 433 3519 tratur,
458 3430 491 3498 id
518 3429 604 3518 quad
631 3431 771 3498 maxime
798 3437 852 3499 est
878 3431 1097 3500 dubitandum.
1138 3435 1176 3501 ln
1205 3437 1394 3502 universam

314 3575 423 3637 antem
455 3586 596 3663 perrara
630 3563 752 3636 tantum
782 3570 897 3636 ulcera
920 3569 1076 3638 scabiosa
1102 3569 1305 3640 observandi
1333 3591 1392 3638 ae·

315 3709 407 3774 casia
434 3710 584 3773 affertur.

414 3861 445 3925 A
479 3858 562 3924 viris
595 3857 704 3924 multis
737 3857 915 3928 discrimen
944 3861 1071 3928 scabiei
1095 3863 1299 3950 propositum
1324 3868 1393 3952 est,

315 3993 401 4082 quad
426 3996 457 4062 si
482 4013 543 4088 pra
570 3993 645 4062 lara
670 3995 840 4063 literarum
865 4005 1035 4088 ageretur,
1062 4001 1181 4068 multas
1199 4007 1293 4070 carle
1311 4019 1393 4070 aan-

394 4369 451 4450 32)
493 4366 535 4432 1..
559 4391 588 4435 a.
632 4393 663 4456 p.
685 4371 789 4444 493„
881 4435 906 4464 ‚·
942 4433 945 4440 .
