<?xml version="1.0" encoding="UTF-8"?>
<!DOCTYPE html PUBLIC "-//W3C//DTD XHTML 1.0 Transitional//EN"
    "http://www.w3.org/TR/xhtml1/DTD/xhtml1-transitional.dtd">
<html xmlns="http://www.w3.org/1999/xhtml" xml:lang="en" lang="en">
 <head>
  <title>
</title>
<meta http-equiv="Content-Type" content="text/html;charset=utf-8" />
  <meta name='ocr-system' content='tesseract 3.04.00' />
  <meta name='ocr-capabilities' content='ocr_page ocr_carea ocr_par ocr_line ocrx_word'/>
</head>
<body>
  <div class='ocr_page' id='page_1' title='image "./descabiehumana00schugoog_0010.png"; bbox 0 0 3196 5224; ppageno 0'>
   <div class='ocr_carea' id='block_1_1' title="bbox 611 542 836 616">
    <p class='ocr_par' dir='ltr' id='par_1_1' title="bbox 611 542 836 616">
     <span class='ocr_line' id='line_1_1' title="bbox 611 542 836 616; baseline 0 -22"><span class='ocrx_word' id='word_1_1' title='bbox 611 542 836 616; x_wconf 73' lang='lat'>...7-</span> 
     </span>
    </p>
   </div>
   <div class='ocr_carea' id='block_1_2' title="bbox 108 741 1270 2332">
    <p class='ocr_par' dir='ltr' id='par_1_2' title="bbox 108 741 1270 2332">
     <span class='ocr_line' id='line_1_2' title="bbox 178 741 1270 834; baseline 0.006 -25"><span class='ocrx_word' id='word_1_2' title='bbox 178 741 313 834; x_wconf 80' lang='lat' dir='ltr'><strong>Rayer,</strong></span> <span class='ocrx_word' id='word_1_3' title='bbox 337 747 429 814; x_wconf 86' lang='lat' dir='ltr'><strong>liiett</strong></span> <span class='ocrx_word' id='word_1_4' title='bbox 452 755 486 815; x_wconf 89' lang='lat' dir='ltr'><strong>et</strong></span> <span class='ocrx_word' id='word_1_5' title='bbox 512 745 628 816; x_wconf 81' lang='lat' dir='ltr'><strong>Greeu</strong></span> <span class='ocrx_word' id='word_1_6' title='bbox 650 747 796 826; x_wconf 79' lang='lat' dir='ltr'><strong>scabiem</strong></span> <span class='ocrx_word' id='word_1_7' title='bbox 823 746 1019 814; x_wconf 85' lang='lat' dir='ltr'><strong>erantbema</strong></span> <span class='ocrx_word' id='word_1_8' title='bbox 1044 743 1270 816; x_wconf 85' lang='lat' dir='ltr'><strong>vesieulusam</strong></span> 
     </span>
     <span class='ocr_line' id='line_1_3' title="bbox 176 876 1268 977; baseline 0.008 -34"><span class='ocrx_word' id='word_1_9' title='bbox 176 888 323 969; x_wconf 87' lang='lat' dir='ltr'><strong>vocant,</strong></span> <span class='ocrx_word' id='word_1_10' title='bbox 361 881 434 948; x_wconf 89' lang='lat' dir='ltr'><strong>dum</strong></span> <span class='ocrx_word' id='word_1_11' title='bbox 460 884 571 967; x_wconf 80' lang='lat' dir='ltr'><strong>Paget</strong></span> <span class='ocrx_word' id='word_1_12' title='bbox 598 881 738 951; x_wconf 90' lang='lat' dir='ltr'><strong>eandem</strong></span> <span class='ocrx_word' id='word_1_13' title='bbox 761 884 913 975; x_wconf 88' lang='lat' dir='ltr'><strong>papulis,</strong></span> <span class='ocrx_word' id='word_1_14' title='bbox 948 876 1098 976; x_wconf 67' lang='lat' dir='ltr'><strong>olenii)</strong></span> <span class='ocrx_word' id='word_1_15' title='bbox 1126 884 1268 977; x_wconf 88' lang='lat' dir='ltr'><strong>pustulis</strong></span> 
     </span>
     <span class='ocr_line' id='line_1_4' title="bbox 176 999 1267 1116; baseline 0.005 -34"><span class='ocrx_word' id='word_1_16' title='bbox 176 1015 395 1108; x_wconf 75' lang='lat' dir='ltr'>adnumerat,</span> <span class='ocrx_word' id='word_1_17' title='bbox 427 999 558 1090; x_wconf 79' lang='lat' dir='ltr'><strong>Weber</strong></span> <span class='ocrx_word' id='word_1_18' title='bbox 572 1017 603 1116; x_wconf 82' lang='lat'><strong>⁴)</strong></span> <span class='ocrx_word' id='word_1_19' title='bbox 634 1027 669 1088; x_wconf 88' lang='lat' dir='ltr'><strong>et</strong></span> <span class='ocrx_word' id='word_1_20' title='bbox 694 1018 873 1088; x_wconf 83' lang='lat' dir='ltr'><strong>Sebdnleiu</strong></span> <span class='ocrx_word' id='word_1_21' title='bbox 899 1017 941 1085; x_wconf 92' lang='lat' dir='ltr'><strong>ad</strong></span> <span class='ocrx_word' id='word_1_22' title='bbox 966 1019 1136 1086; x_wconf 79' lang='lat' dir='ltr'>vesiculas</span> <span class='ocrx_word' id='word_1_23' title='bbox 1171 1021 1267 1088; x_wconf 85' lang='lat' dir='ltr'><strong>rese·</strong></span> 
     </span>
     <span class='ocr_line' id='line_1_5' title="bbox 177 1151 1266 1250; baseline 0.007 -34"><span class='ocrx_word' id='word_1_24' title='bbox 177 1161 279 1244; x_wconf 81' lang='lat' dir='ltr'><strong>runt,</strong></span> <span class='ocrx_word' id='word_1_25' title='bbox 324 1155 446 1222; x_wconf 88' lang='lat' dir='ltr'><strong>Petrus</strong></span> <span class='ocrx_word' id='word_1_26' title='bbox 482 1156 596 1224; x_wconf 77' lang='lat' dir='ltr'><strong>Frank</strong></span> <span class='ocrx_word' id='word_1_27' title='bbox 611 1151 642 1250; x_wconf 86' lang='grc'><strong>5)</strong></span> <span class='ocrx_word' id='word_1_28' title='bbox 691 1155 733 1222; x_wconf 94' lang='lat' dir='ltr'><strong>ad</strong></span> <span class='ocrx_word' id='word_1_29' title='bbox 777 1155 988 1247; x_wconf 71' lang='lat' dir='ltr'><strong>impetigines</strong></span> <span class='ocrx_word' id='word_1_30' title='bbox 1027 1153 1266 1250; x_wconf 89' lang='lat' dir='ltr'><strong>depascentes.</strong></span> 
     </span>
     <span class='ocr_line' id='line_1_6' title="bbox 175 1287 1266 1380; baseline 0.002 -22"><span class='ocrx_word' id='word_1_31' title='bbox 175 1287 309 1358; x_wconf 85' lang='lat' dir='ltr'><strong>Struve</strong></span> <span class='ocrx_word' id='word_1_32' title='bbox 348 1288 475 1360; x_wconf 89' lang='lat' dir='ltr'><strong>duabus</strong></span> <span class='ocrx_word' id='word_1_33' title='bbox 514 1293 755 1378; x_wconf 76' lang='lat' dir='ltr'><strong>varietatibus,</strong></span> <span class='ocrx_word' id='word_1_34' title='bbox 795 1292 902 1358; x_wconf 89' lang='lat' dir='ltr'><strong>altera</strong></span> <span class='ocrx_word' id='word_1_35' title='bbox 940 1291 1119 1380; x_wconf 80' lang='lat' dir='ltr'><strong>populosa,</strong></span> <span class='ocrx_word' id='word_1_36' title='bbox 1158 1293 1266 1360; x_wconf 88' lang='lat' dir='ltr'><strong>altera</strong></span> 
     </span>
     <span class='ocr_line' id='line_1_7' title="bbox 174 1427 1264 1522; baseline 0.004 -32"><span class='ocrx_word' id='word_1_37' title='bbox 174 1427 391 1516; x_wconf 85' lang='lat' dir='ltr'><strong>vesieulosa,</strong></span> <span class='ocrx_word' id='word_1_38' title='bbox 419 1429 506 1496; x_wconf 90' lang='lat' dir='ltr'><strong>iuter</strong></span> <span class='ocrx_word' id='word_1_39' title='bbox 531 1448 614 1496; x_wconf 88' lang='lat' dir='ltr'><strong>sese</strong></span> <span class='ocrx_word' id='word_1_40' title='bbox 639 1427 802 1496; x_wconf 86' lang='lat' dir='ltr'><strong>distinctis</strong></span> <span class='ocrx_word' id='word_1_41' title='bbox 832 1428 979 1496; x_wconf 82' lang='lat' dir='ltr'><strong>scabiem</strong></span> <span class='ocrx_word' id='word_1_42' title='bbox 1006 1429 1208 1522; x_wconf 75' lang='lat' dir='ltr'><strong>pustularum</strong></span> <span class='ocrx_word' id='word_1_43' title='bbox 1233 1430 1264 1496; x_wconf 93' lang='lat' dir='ltr'><strong>iu</strong></span> 
     </span>
     <span class='ocr_line' id='line_1_8' title="bbox 174 1563 1262 1659; baseline 0.002 -31"><span class='ocrx_word' id='word_1_44' title='bbox 174 1579 314 1634; x_wconf 91' lang='lat' dir='ltr'><strong>numero</strong></span> <span class='ocrx_word' id='word_1_45' title='bbox 340 1566 459 1659; x_wconf 81' lang='lat' dir='ltr'><strong>babet3</strong></span> <span class='ocrx_word' id='word_1_46' title='bbox 487 1564 667 1652; x_wconf 83' lang='lat' dir='ltr'><strong>Helelaud,</strong></span> <span class='ocrx_word' id='word_1_47' title='bbox 696 1581 888 1652; x_wconf 82' lang='lat' dir='ltr'><strong>quamquam</strong></span> <span class='ocrx_word' id='word_1_48' title='bbox 916 1563 1115 1632; x_wconf 85' lang='lat' dir='ltr'><strong>exanthema</strong></span> <span class='ocrx_word' id='word_1_49' title='bbox 1141 1569 1262 1657; x_wconf 90' lang='lat' dir='ltr'><strong>pustu-</strong></span> 
     </span>
     <span class='ocr_line' id='line_1_9' title="bbox 174 1699 1262 1792; baseline 0.005 -29"><span class='ocrx_word' id='word_1_50' title='bbox 174 1699 283 1766; x_wconf 88' lang='lat' dir='ltr'><strong>losom</strong></span> <span class='ocrx_word' id='word_1_51' title='bbox 318 1699 414 1791; x_wconf 81' lang='lat' dir='ltr'><strong>dicit,</strong></span> <span class='ocrx_word' id='word_1_52' title='bbox 455 1709 563 1770; x_wconf 87' lang='lat' dir='ltr'><strong>tamen</strong></span> <span class='ocrx_word' id='word_1_53' title='bbox 598 1702 781 1769; x_wconf 85' lang='lat' dir='ltr'><strong>vesiculosi</strong></span> <span class='ocrx_word' id='word_1_54' title='bbox 819 1699 1075 1786; x_wconf 78' lang='lat' dir='ltr'><strong>descriptionem</strong></span> <span class='ocrx_word' id='word_1_55' title='bbox 1112 1699 1262 1792; x_wconf 81' lang='lat' dir='ltr'><strong>exbibel;</strong></span> 
     </span>
     <span class='ocr_line' id='line_1_10' title="bbox 175 1832 1261 1932; baseline 0.002 -30"><span class='ocrx_word' id='word_1_56' title='bbox 175 1832 375 1932; x_wconf 69' lang='lat' dir='ltr'><strong>Consulti)</strong></span> <span class='ocrx_word' id='word_1_57' title='bbox 405 1837 545 1925; x_wconf 88' lang='lat' dir='ltr'><strong>denique</strong></span> <span class='ocrx_word' id='word_1_58' title='bbox 571 1839 707 1904; x_wconf 83' lang='lat' dir='ltr'><strong>sormam</strong></span> <span class='ocrx_word' id='word_1_59' title='bbox 732 1837 954 1902; x_wconf 87' lang='lat' dir='ltr'><strong>vesieulusam</strong></span> <span class='ocrx_word' id='word_1_60' title='bbox 980 1837 1154 1918; x_wconf 80' lang='lat' dir='ltr'><strong>genuinam</strong></span> <span class='ocrx_word' id='word_1_61' title='bbox 1178 1854 1261 1904; x_wconf 89' lang='lat' dir='ltr'><strong>esse</strong></span> 
     </span>
     <span class='ocr_line' id='line_1_11' title="bbox 108 1971 1259 2058; baseline 0.008 -26"><span class='ocrx_word' id='word_1_62' title='bbox 108 2027 111 2032; x_wconf 80' lang='grc'>,</span> <span class='ocrx_word' id='word_1_63' title='bbox 174 1973 356 2046; x_wconf 89' lang='lat' dir='ltr'><strong>contendit.</strong></span> <span class='ocrx_word' id='word_1_64' title='bbox 408 1971 536 2056; x_wconf 74' lang='lat' dir='ltr'><strong>Quodsi</strong></span> <span class='ocrx_word' id='word_1_65' title='bbox 567 1979 632 2040; x_wconf 88' lang='lat' dir='ltr'><strong>tam</strong></span> <span class='ocrx_word' id='word_1_66' title='bbox 661 1973 816 2040; x_wconf 78' lang='lat' dir='ltr'><strong>celebres</strong></span> <span class='ocrx_word' id='word_1_67' title='bbox 844 1978 1023 2058; x_wconf 76' lang='lat' dir='ltr'><strong>tantaeque</strong></span> <span class='ocrx_word' id='word_1_68' title='bbox 1050 1975 1259 2042; x_wconf 86' lang='lat' dir='ltr'><strong>auctoritatis</strong></span> 
     </span>
     <span class='ocr_line' id='line_1_12' title="bbox 173 2085 1258 2198; baseline -0.001 -21"><span class='ocrx_word' id='word_1_69' title='bbox 173 2113 240 2178; x_wconf 91' lang='lat' dir='ltr'><strong>viri</strong></span> <span class='ocrx_word' id='word_1_70' title='bbox 270 2113 462 2198; x_wconf 87' lang='lat' dir='ltr'><strong>populosam</strong></span> <span class='ocrx_word' id='word_1_71' title='bbox 487 2112 614 2180; x_wconf 85' lang='lat' dir='ltr'><strong>scabiei</strong></span> <span class='ocrx_word' id='word_1_72' title='bbox 647 2112 782 2176; x_wconf 83' lang='lat' dir='ltr'><strong>sormam</strong></span> <span class='ocrx_word' id='word_1_73' title='bbox 806 2085 862 2174; x_wconf 74' lang='lat' dir='ltr'><strong>uel</strong></span> <span class='ocrx_word' id='word_1_74' title='bbox 889 2109 1015 2174; x_wconf 91' lang='lat' dir='ltr'><strong>omniuo</strong></span> <span class='ocrx_word' id='word_1_75' title='bbox 1042 2111 1258 2196; x_wconf 83' lang='lat' dir='ltr'><strong>praetermit-</strong></span> 
     </span>
     <span class='ocr_line' id='line_1_13' title="bbox 173 2246 1257 2332; baseline 0.004 -20"><span class='ocrx_word' id='word_1_76' title='bbox 173 2254 248 2314; x_wconf 88' lang='lat' dir='ltr'><strong>tunt</strong></span> <span class='ocrx_word' id='word_1_77' title='bbox 275 2249 330 2315; x_wconf 86' lang='lat' dir='ltr'><strong>vel</strong></span> <span class='ocrx_word' id='word_1_78' title='bbox 362 2253 484 2314; x_wconf 90' lang='lat' dir='ltr'><strong>tontum</strong></span> <span class='ocrx_word' id='word_1_79' title='bbox 518 2248 550 2314; x_wconf 89' lang='lat' dir='ltr'><strong>iu</strong></span> <span class='ocrx_word' id='word_1_80' title='bbox 575 2253 770 2314; x_wconf 87' lang='lat' dir='ltr'><strong>transcursu</strong></span> <span class='ocrx_word' id='word_1_81' title='bbox 794 2252 894 2332; x_wconf 86' lang='lat' dir='ltr'><strong>atque</strong></span> <span class='ocrx_word' id='word_1_82' title='bbox 926 2246 1033 2314; x_wconf 87' lang='lat' dir='ltr'><strong>obiter</strong></span> <span class='ocrx_word' id='word_1_83' title='bbox 1058 2265 1257 2316; x_wconf 83' lang='lat' dir='ltr'><strong>commemo-</strong></span> 
     </span>
    </p>
   </div>
   <div class='ocr_carea' id='block_1_3' title="bbox 173 2381 1294 2476">
    <p class='ocr_par' dir='ltr' id='par_1_3' title="bbox 173 2381 1294 2476">
     <span class='ocr_line' id='line_1_14' title="bbox 173 2381 1294 2476; baseline 0.003 -28"><span class='ocrx_word' id='word_1_84' title='bbox 173 2391 269 2468; x_wconf 88' lang='lat' dir='ltr'><strong>rant,</strong></span> <span class='ocrx_word' id='word_1_85' title='bbox 302 2385 401 2451; x_wconf 81' lang='lat' dir='ltr'><strong>facile</strong></span> <span class='ocrx_word' id='word_1_86' title='bbox 426 2381 576 2450; x_wconf 90' lang='lat' dir='ltr'><strong>videmur</strong></span> <span class='ocrx_word' id='word_1_87' title='bbox 601 2401 774 2450; x_wconf 87' lang='lat' dir='ltr'><strong>assumere</strong></span> <span class='ocrx_word' id='word_1_88' title='bbox 800 2401 905 2474; x_wconf 87' lang='lat' dir='ltr'><strong>posse</strong></span> <span class='ocrx_word' id='word_1_89' title='bbox 930 2383 1099 2476; x_wconf 87' lang='lat' dir='ltr'><strong>papulam,</strong></span> <span class='ocrx_word' id='word_1_90' title='bbox 1134 2403 1256 2451; x_wconf 82' lang='lat' dir='ltr'><strong>sareo-</strong></span> <span class='ocrx_word' id='word_1_91' title='bbox 1291 2387 1294 2394; x_wconf 84' lang='lat'>&#39;</span> 
     </span>
    </p>
   </div>
   <div class='ocr_carea' id='block_1_4' title="bbox 134 2503 1254 3704">
    <p class='ocr_par' dir='ltr' id='par_1_4' title="bbox 172 2503 1254 2750">
     <span class='ocr_line' id='line_1_15' title="bbox 173 2503 1254 2612; baseline 0.003 -26"><span class='ocrx_word' id='word_1_92' title='bbox 173 2525 254 2606; x_wconf 87' lang='lat' dir='ltr'><strong>plen</strong></span> <span class='ocrx_word' id='word_1_93' title='bbox 280 2519 416 2586; x_wconf 86' lang='lat' dir='ltr'><strong>bominis</strong></span> <span class='ocrx_word' id='word_1_94' title='bbox 450 2520 481 2586; x_wconf 86' lang='lat' dir='ltr'><strong>in</strong></span> <span class='ocrx_word' id='word_1_95' title='bbox 513 2519 598 2588; x_wconf 89' lang='lat' dir='ltr'><strong>eolis</strong></span> <span class='ocrx_word' id='word_1_96' title='bbox 628 2519 734 2606; x_wconf 85' lang='lat' dir='ltr'><strong>aliquo</strong></span> <span class='ocrx_word' id='word_1_97' title='bbox 768 2519 842 2585; x_wconf 94' lang='lat' dir='ltr'><strong>loco</strong></span> <span class='ocrx_word' id='word_1_98' title='bbox 867 2517 929 2584; x_wconf 91' lang='lat' dir='ltr'><strong>sub</strong></span> <span class='ocrx_word' id='word_1_99' title='bbox 959 2503 1164 2612; x_wconf 87' lang='lat' dir='ltr'><strong>epidermide</strong></span> <span class='ocrx_word' id='word_1_100' title='bbox 1191 2522 1254 2590; x_wconf 90' lang='lat' dir='ltr'><strong>sito</strong></span> 
     </span>
     <span class='ocr_line' id='line_1_16' title="bbox 172 2657 1254 2750; baseline -0.002 -24"><span class='ocrx_word' id='word_1_101' title='bbox 172 2664 389 2750; x_wconf 88' lang='lat' dir='ltr'><strong>apparentem</strong></span> <span class='ocrx_word' id='word_1_102' title='bbox 430 2663 602 2744; x_wconf 87' lang='lat' dir='ltr'><strong>secutam,</strong></span> <span class='ocrx_word' id='word_1_103' title='bbox 644 2657 791 2724; x_wconf 89' lang='lat' dir='ltr'><strong>omnibus</strong></span> <span class='ocrx_word' id='word_1_104' title='bbox 833 2658 866 2723; x_wconf 92' lang='lat' dir='ltr'><strong>iu</strong></span> <span class='ocrx_word' id='word_1_105' title='bbox 906 2658 1059 2745; x_wconf 86' lang='lat' dir='ltr'><strong>casibus,</strong></span> <span class='ocrx_word' id='word_1_106' title='bbox 1104 2659 1254 2744; x_wconf 87' lang='lat' dir='ltr'><strong>quamvis</strong></span> 
     </span>
    </p>

    <p class='ocr_par' dir='ltr' id='par_1_5' title="bbox 134 2793 1253 3704">
     <span class='ocr_line' id='line_1_17' title="bbox 172 2793 1253 2880; baseline 0.001 -20"><span class='ocrx_word' id='word_1_107' title='bbox 172 2794 260 2860; x_wconf 88' lang='lat' dir='ltr'><strong>nulla</strong></span> <span class='ocrx_word' id='word_1_108' title='bbox 284 2795 413 2860; x_wconf 88' lang='lat' dir='ltr'><strong>interna</strong></span> <span class='ocrx_word' id='word_1_109' title='bbox 437 2795 626 2860; x_wconf 82' lang='lat' dir='ltr'><strong>accesserit</strong></span> <span class='ocrx_word' id='word_1_110' title='bbox 650 2812 755 2880; x_wconf 86' lang='lat' dir='ltr'><strong>noxa,</strong></span> <span class='ocrx_word' id='word_1_111' title='bbox 791 2793 823 2858; x_wconf 93' lang='lat' dir='ltr'><strong>in</strong></span> <span class='ocrx_word' id='word_1_112' title='bbox 858 2793 996 2860; x_wconf 79' lang='lat' dir='ltr'><strong>formam</strong></span> <span class='ocrx_word' id='word_1_113' title='bbox 1030 2793 1253 2860; x_wconf 89' lang='lat' dir='ltr'><strong>vesieulusam</strong></span> 
     </span>
     <span class='ocr_line' id='line_1_18' title="bbox 134 2889 1253 3016; baseline 0 -20"><span class='ocrx_word' id='word_1_114' title='bbox 134 2889 139 2897; x_wconf 31' lang='grc' dir='ltr'>Ι</span> <span class='ocrx_word' id='word_1_115' title='bbox 172 2935 229 2996; x_wconf 88' lang='lat' dir='ltr'><strong>aut</strong></span> <span class='ocrx_word' id='word_1_116' title='bbox 256 2929 460 3016; x_wconf 87' lang='lat' dir='ltr'><strong>pustulosam</strong></span> <span class='ocrx_word' id='word_1_117' title='bbox 487 2929 591 2998; x_wconf 89' lang='lat' dir='ltr'><strong>abire.</strong></span> <span class='ocrx_word' id='word_1_118' title='bbox 657 2928 889 2996; x_wconf 86' lang='lat' dir='ltr'><strong>Verumtamen</strong></span> <span class='ocrx_word' id='word_1_119' title='bbox 922 2945 965 2995; x_wconf 90' lang='lat' dir='ltr'><strong>ue</strong></span> <span class='ocrx_word' id='word_1_120' title='bbox 1000 2928 1086 2996; x_wconf 86' lang='lat' dir='ltr'><strong>baec</strong></span> <span class='ocrx_word' id='word_1_121' title='bbox 1122 2927 1253 3016; x_wconf 87' lang='lat' dir='ltr'><strong>quidem</strong></span> 
     </span>
     <span class='ocr_line' id='line_1_19' title="bbox 172 3061 1251 3160; baseline 0 -30"><span class='ocrx_word' id='word_1_122' title='bbox 172 3067 279 3155; x_wconf 90' lang='lat' dir='ltr'><strong>opinio</strong></span> <span class='ocrx_word' id='word_1_123' title='bbox 304 3085 345 3134; x_wconf 91' lang='lat' dir='ltr'><strong>eo</strong></span> <span class='ocrx_word' id='word_1_124' title='bbox 372 3084 434 3153; x_wconf 91' lang='lat' dir='ltr'><strong>quo</strong></span> <span class='ocrx_word' id='word_1_125' title='bbox 462 3085 524 3160; x_wconf 89' lang='lat' dir='ltr'><strong>par</strong></span> <span class='ocrx_word' id='word_1_126' title='bbox 549 3071 604 3132; x_wconf 88' lang='lat' dir='ltr'><strong>est</strong></span> <span class='ocrx_word' id='word_1_127' title='bbox 627 3061 723 3132; x_wconf 88' lang='lat' dir='ltr'><strong>modo</strong></span> <span class='ocrx_word' id='word_1_128' title='bbox 748 3062 882 3150; x_wconf 91' lang='lat' dir='ltr'><strong>probari</strong></span> <span class='ocrx_word' id='word_1_129' title='bbox 900 3068 957 3130; x_wconf 89' lang='lat' dir='ltr'><strong>aut</strong></span> <span class='ocrx_word' id='word_1_130' title='bbox 974 3061 1109 3131; x_wconf 85' lang='lat' dir='ltr'><strong>delendi</strong></span> <span class='ocrx_word' id='word_1_131' title='bbox 1125 3069 1251 3152; x_wconf 88' lang='lat' dir='ltr'><strong>potest.</strong></span> 
     </span>
     <span class='ocr_line' id='line_1_20' title="bbox 171 3198 1250 3288; baseline -0.005 -21"><span class='ocrx_word' id='word_1_132' title='bbox 171 3204 320 3288; x_wconf 86' lang='lat' dir='ltr'><strong>Namque</strong></span> <span class='ocrx_word' id='word_1_133' title='bbox 345 3203 473 3269; x_wconf 88' lang='lat' dir='ltr'><strong>etiamsi</strong></span> <span class='ocrx_word' id='word_1_134' title='bbox 507 3199 674 3270; x_wconf 83' lang='lat' dir='ltr'><strong>scabendo</strong></span> <span class='ocrx_word' id='word_1_135' title='bbox 704 3199 946 3286; x_wconf 82' lang='lat' dir='ltr'><strong>pressionequo</strong></span> <span class='ocrx_word' id='word_1_136' title='bbox 974 3198 1127 3266; x_wconf 90' lang='lat' dir='ltr'><strong>vestibus</strong></span> <span class='ocrx_word' id='word_1_137' title='bbox 1153 3198 1250 3264; x_wconf 85' lang='lat' dir='ltr'><strong>exbi-</strong></span> 
     </span>
     <span class='ocr_line' id='line_1_21' title="bbox 170 3335 1250 3404; baseline -0.001 0"><span class='ocrx_word' id='word_1_138' title='bbox 170 3335 239 3404; x_wconf 85' lang='lat' dir='ltr'><strong>bita</strong></span> <span class='ocrx_word' id='word_1_139' title='bbox 266 3337 326 3403; x_wconf 84' lang='lat' dir='ltr'><strong>out</strong></span> <span class='ocrx_word' id='word_1_140' title='bbox 355 3336 664 3404; x_wconf 87' lang='lat' dir='ltr'><strong>medicamentorum</strong></span> <span class='ocrx_word' id='word_1_141' title='bbox 696 3343 805 3402; x_wconf 86' lang='lat' dir='ltr'><strong>cutem</strong></span> <span class='ocrx_word' id='word_1_142' title='bbox 835 3335 1031 3402; x_wconf 81' lang='lat' dir='ltr'><strong>irritantium</strong></span> <span class='ocrx_word' id='word_1_143' title='bbox 1064 3355 1127 3402; x_wconf 88' lang='lat' dir='ltr'><strong>usu</strong></span> <span class='ocrx_word' id='word_1_144' title='bbox 1150 3337 1250 3404; x_wconf 84' lang='lat' dir='ltr'><strong>talem</strong></span> 
     </span>
     <span class='ocr_line' id='line_1_22' title="bbox 170 3471 1249 3560; baseline 0 -22"><span class='ocrx_word' id='word_1_145' title='bbox 170 3473 472 3540; x_wconf 86' lang='lat' dir='ltr'><strong>transmutationem</strong></span> <span class='ocrx_word' id='word_1_146' title='bbox 498 3473 571 3538; x_wconf 87' lang='lat' dir='ltr'><strong>lieri</strong></span> <span class='ocrx_word' id='word_1_147' title='bbox 599 3489 714 3559; x_wconf 80' lang='lat' dir='ltr'><strong>posse,</strong></span> <span class='ocrx_word' id='word_1_148' title='bbox 744 3471 830 3538; x_wconf 87' lang='lat' dir='ltr'><strong>baud</strong></span> <span class='ocrx_word' id='word_1_149' title='bbox 855 3473 1041 3560; x_wconf 89' lang='lat' dir='ltr'><strong>iutitiemor,</strong></span> <span class='ocrx_word' id='word_1_150' title='bbox 1069 3477 1179 3538; x_wconf 87' lang='lat' dir='ltr'><strong>tomen</strong></span> <span class='ocrx_word' id='word_1_151' title='bbox 1206 3490 1249 3539; x_wconf 84' lang='lat' dir='ltr'><strong>ea</strong></span> 
     </span>
     <span class='ocr_line' id='line_1_23' title="bbox 169 3606 1248 3704; baseline 0.005 -31"><span class='ocrx_word' id='word_1_152' title='bbox 169 3627 226 3676; x_wconf 90' lang='lat' dir='ltr'><strong>rcs</strong></span> <span class='ocrx_word' id='word_1_153' title='bbox 255 3609 382 3675; x_wconf 87' lang='lat' dir='ltr'><strong>scabiei</strong></span> <span class='ocrx_word' id='word_1_154' title='bbox 408 3608 548 3700; x_wconf 86' lang='lat' dir='ltr'><strong>papulae</strong></span> <span class='ocrx_word' id='word_1_155' title='bbox 571 3609 657 3678; x_wconf 93' lang='lat' dir='ltr'><strong>nullo</strong></span> <span class='ocrx_word' id='word_1_156' title='bbox 681 3606 777 3676; x_wconf 89' lang='lat' dir='ltr'><strong>modo</strong></span> <span class='ocrx_word' id='word_1_157' title='bbox 798 3609 975 3699; x_wconf 85' lang='lat' dir='ltr'><strong>pecoliaris</strong></span> <span class='ocrx_word' id='word_1_158' title='bbox 989 3613 1093 3700; x_wconf 71' lang='lat' dir='ltr'><strong>‘atque</strong></span> <span class='ocrx_word' id='word_1_159' title='bbox 1111 3611 1248 3704; x_wconf 85' lang='lat' dir='ltr'><strong>propria</strong></span> 
     </span>
    </p>
   </div>
   <div class='ocr_carea' id='block_1_5' title="bbox 166 3815 511 3830">
    <p class='ocr_par' dir='ltr' id='par_1_6' title="bbox 166 3815 511 3830">
     <span class='ocr_line' id='line_1_24' title="bbox 166 3815 511 3830; baseline 0.009 -4"><span class='ocrx_word' id='word_1_160' title='bbox 166 3815 511 3830; x_wconf 52' lang='lat' dir='ltr'><strong>*m—</strong></span> 
     </span>
    </p>
   </div>
   <div class='ocr_carea' id='block_1_6' title="bbox 167 3947 1245 4532">
    <p class='ocr_par' dir='ltr' id='par_1_7' title="bbox 248 3947 1129 4027">
     <span class='ocr_line' id='line_1_25' title="bbox 248 3947 1129 4027; baseline 0.002 -15"><span class='ocrx_word' id='word_1_161' title='bbox 248 3949 283 4027; x_wconf 88' lang='lat'><strong>3)</strong></span> <span class='ocrx_word' id='word_1_162' title='bbox 327 3951 463 4012; x_wconf 84' lang='lat' dir='ltr'><strong>doctrina</strong></span> <span class='ocrx_word' id='word_1_163' title='bbox 483 3951 519 4012; x_wconf 89' lang='lat' dir='ltr'><strong>de</strong></span> <span class='ocrx_word' id='word_1_164' title='bbox 542 3950 655 4012; x_wconf 87' lang='lat' dir='ltr'><strong>morbis</strong></span> <span class='ocrx_word' id='word_1_165' title='bbox 679 3951 827 4012; x_wconf 83' lang='lat' dir='ltr'><strong>cotoneis.</strong></span> <span class='ocrx_word' id='word_1_166' title='bbox 871 3949 1010 4016; x_wconf 82' lang='lat' dir='ltr'><strong>Viennae</strong></span> <span class='ocrx_word' id='word_1_167' title='bbox 1035 3947 1129 4014; x_wconf 95' lang='grc'><strong>1776.</strong></span> 
     </span>
    </p>

    <p class='ocr_par' dir='ltr' id='par_1_8' title="bbox 248 4049 1229 4132">
     <span class='ocr_line' id='line_1_26' title="bbox 248 4049 1229 4132; baseline 0.003 -22"><span class='ocrx_word' id='word_1_168' title='bbox 248 4055 284 4124; x_wconf 83' lang='grc'><strong>4)</strong></span> <span class='ocrx_word' id='word_1_169' title='bbox 326 4051 362 4110; x_wconf 85' lang='lat' dir='ltr'><strong>de</strong></span> <span class='ocrx_word' id='word_1_170' title='bbox 384 4053 485 4112; x_wconf 79' lang='lat' dir='ltr'><strong>causis</strong></span> <span class='ocrx_word' id='word_1_171' title='bbox 507 4061 537 4111; x_wconf 84' lang='lat' dir='ltr'><strong>ct</strong></span> <span class='ocrx_word' id='word_1_172' title='bbox 560 4051 657 4132; x_wconf 81' lang='lat' dir='ltr'><strong>signia</strong></span> <span class='ocrx_word' id='word_1_173' title='bbox 677 4052 855 4112; x_wconf 86' lang='lat' dir='ltr'><strong>morborum.</strong></span> <span class='ocrx_word' id='word_1_174' title='bbox 896 4072 927 4132; x_wconf 84' lang='lat' dir='ltr'><strong>p.</strong></span> <span class='ocrx_word' id='word_1_175' title='bbox 948 4049 1021 4113; x_wconf 77' lang='lat'><strong>259.</strong></span> <span class='ocrx_word' id='word_1_176' title='bbox 1224 4075 1229 4092; x_wconf 83' lang='lat'><strong>·</strong></span> 
     </span>
    </p>

    <p class='ocr_par' dir='ltr' id='par_1_9' title="bbox 167 4145 1245 4315">
     <span class='ocr_line' id='line_1_27' title="bbox 249 4145 1245 4228; baseline 0.002 -18"><span class='ocrx_word' id='word_1_177' title='bbox 249 4151 282 4228; x_wconf 78' lang='grc' dir='ltr'><strong>ὃ)</strong></span> <span class='ocrx_word' id='word_1_178' title='bbox 327 4149 460 4210; x_wconf 83' lang='lat' dir='ltr'><strong>Groods.</strong></span> <span class='ocrx_word' id='word_1_179' title='bbox 484 4151 531 4209; x_wconf 72' lang='lat' dir='ltr'><strong>dt».</strong></span> <span class='ocrx_word' id='word_1_180' title='bbox 554 4153 583 4213; x_wconf 91' lang='lat' dir='ltr'><strong>d.</strong></span> <span class='ocrx_word' id='word_1_181' title='bbox 607 4148 756 4212; x_wconf 85' lang='lat' dir='ltr'><strong>Babaodl.</strong></span> <span class='ocrx_word' id='word_1_182' title='bbox 783 4151 835 4212; x_wconf 87' lang='lat' dir='ltr'><strong>der</strong></span> <span class='ocrx_word' id='word_1_183' title='bbox 856 4145 1070 4214; x_wconf 79' lang='lat' dir='ltr'><strong>Kroulcheiten</strong></span> <span class='ocrx_word' id='word_1_184' title='bbox 1091 4153 1144 4212; x_wconf 85' lang='lat' dir='ltr'><strong>dea</strong></span> <span class='ocrx_word' id='word_1_185' title='bbox 1159 4147 1245 4212; x_wconf 80' lang='lat' dir='ltr'><strong>Meu·</strong></span> 
     </span>
     <span class='ocr_line' id='line_1_28' title="bbox 167 4247 559 4315; baseline 0.015 -7"><span class='ocrx_word' id='word_1_186' title='bbox 167 4248 271 4312; x_wconf 83' lang='lat' dir='ltr'><strong>seben.</strong></span> <span class='ocrx_word' id='word_1_187' title='bbox 315 4247 441 4312; x_wconf 79' lang='lat' dir='ltr'><strong>alanne.</strong></span> <span class='ocrx_word' id='word_1_188' title='bbox 466 4249 559 4315; x_wconf 86' lang='grc'><strong>1797.</strong></span> 
     </span>
    </p>

    <p class='ocr_par' dir='ltr' id='par_1_10' title="bbox 167 4346 1244 4532">
     <span class='ocr_line' id='line_1_29' title="bbox 248 4346 1244 4426; baseline -0.001 -14"><span class='ocrx_word' id='word_1_189' title='bbox 248 4347 282 4426; x_wconf 83' lang='grc'><strong>6)</strong></span> <span class='ocrx_word' id='word_1_190' title='bbox 324 4347 445 4412; x_wconf 86' lang='lat' dir='ltr'><strong>Hundb.</strong></span> <span class='ocrx_word' id='word_1_191' title='bbox 474 4351 527 4412; x_wconf 86' lang='lat' dir='ltr'><strong>der</strong></span> <span class='ocrx_word' id='word_1_192' title='bbox 546 4352 656 4414; x_wconf 80' lang='lat' dir='ltr'><strong>medie·</strong></span> <span class='ocrx_word' id='word_1_193' title='bbox 680 4346 806 4413; x_wconf 73' lang='lat' dir='ltr'><strong>illinit.</strong></span> <span class='ocrx_word' id='word_1_194' title='bbox 849 4347 909 4414; x_wconf 87' lang='lat' dir='ltr'><strong>Ill.</strong></span> <span class='ocrx_word' id='word_1_195' title='bbox 932 4347 991 4414; x_wconf 82' lang='lat' dir='ltr'><strong>Bt.</strong></span> <span class='ocrx_word' id='word_1_196' title='bbox 1016 4350 1049 4417; x_wconf 84' lang='lat'><strong>2.</strong></span> <span class='ocrx_word' id='word_1_197' title='bbox 1070 4349 1164 4414; x_wconf 85' lang='lat' dir='ltr'><strong>Abtb.</strong></span> <span class='ocrx_word' id='word_1_198' title='bbox 1187 4347 1244 4412; x_wconf 83' lang='lat' dir='ltr'><strong>Er·</strong></span> 
     </span>
     <span class='ocr_line' id='line_1_30' title="bbox 167 4447 557 4532; baseline 0.01 -22"><span class='ocrx_word' id='word_1_199' title='bbox 167 4449 250 4532; x_wconf 74' lang='lat' dir='ltr'><strong>laag.</strong></span> <span class='ocrx_word' id='word_1_200' title='bbox 272 4447 366 4514; x_wconf 83' lang='grc'><strong>1846.</strong></span> <span class='ocrx_word' id='word_1_201' title='bbox 408 4469 439 4532; x_wconf 86' lang='lat' dir='ltr'><strong>p.</strong></span> <span class='ocrx_word' id='word_1_202' title='bbox 464 4449 557 4514; x_wconf 83' lang='grc'><strong>1150.</strong></span> 
     </span>
    </p>
   </div>
   <div class='ocr_carea' id='block_1_7' title="bbox 0 0 1602 5224">
    <p class='ocr_par' dir='ltr' id='par_1_11' title="bbox 0 0 1602 5224">
     <span class='ocr_line' id='line_1_31' title="bbox 0 0 1602 5224; baseline 0 4"><span class='ocrx_word' id='word_1_203' title='bbox 0 0 1602 5224; x_wconf 95' lang='lat' dir='ltr'><strong> </strong></span> 
     </span>
    </p>
   </div>
  </div>
 </body>
</html>
