3196 5224
720 392 1031 538 -ao—s'

306 609 404 700 dunt,
437 617 551 678 crusta
582 613 750 697 sauguinis
789 615 890 682 rubra
921 614 1101 702 adhaeret,
1126 653 1177 666 —-
1201 615 1308 701 quatis
1334 623 1391 682 est

305 765 388 814 vero
415 755 529 814 crusta
554 750 680 838 termis,
714 750 811 838 quae‘
832 751 984 845 poputum
1011 752 1198 819 scabiosum
1223 750 1388 818 divulsam

306 885 340 948 et
364 884 508 951 attritam
532 877 710 968 contegit?
741 905 848 953 nonne
881 890 979 955 etiam
1002 890 1151 956 tibrinum
1177 897 1231 957 est
1258 907 1387 973 coagu-

305 1019 415 1104 latam,
442 1022 656 1108 exsiccatum,
684 1021 769 1108 qaod
798 1023 948 1106 globatos
976 1027 1100 1112 aliquot
1127 1027 1328 1109 sanguineos
1353 1025 1387 1089 iu

305 1173 346 1221 se
371 1158 547 1224 conctusa·
571 1163 705 1250 tencat3
731 1159 760 1224 si
779 1157 868 1225 adsit
890 1161 1025 1252 prurigo
1051 1162 1191 1252 papulas
1217 1159 1327 1227 dicunt
1353 1161 1387 1226 in

306 1312 348 1361 ea
373 1304 560 1383 parteque
586 1281 1034 1385 extremitatcsteodantur,
1070 1297 1101 1362 si
1126 1298 1259 1371 scabies
1285 1297 1316 1362 in
1342 1314 1385 1362 ea

304 1451 369 1521 qua
391 1433 469 1499 ittae
493 1433 666 1498 flectantur
691 1431 913 1517 haerescere,
945 1432 1100 1525 imprimis
1127 1451 1210 1500 vero
1237 1433 1384 1524 prurigi-

303 1588 378 1636 nem
411 1569 444 1634 in
478 1566 580 1634 dorso
622 1573 656 1632 ct
690 1568 722 1634 iu
748 1566 891 1634 humeris
921 1571 1129 1656 conspicuam
1155 1588 1234 1638 esse
1271 1605 1311 1620 -·
1351 1571 1383 1636 id

303 1705 390 1796 quod
416 1706 456 1773 iis
481 1722 566 1792 quac
590 1722 692 1797 supra
717 1703 785 1771 dixi
806 1703 848 1771 de
871 1723 1035 1773 successu
1063 1673 1187 1774 scabiei
1210 1707 1382 1799 parasito-

303 1861 373 1908 rum
400 1843 433 1908 iu
457 1843 602 1910 omuibus
628 1845 710 1910 iocis
737 1841 820 1910 baad
850 1843 977 1909 omnino
1003 1844 1164 1926 congruit.
1224 1839 1382 1909 Ceteram
1481 1805 1486 1812 ἱ

301 1999 385 2048 vero
421 1980 452 2045 si
482 1981 554 2068 quis
585 1981 779 2049 medicinam
811 1980 940 2048 factitet
967 1981 1053 2047 iotcr
1078 1981 1198 2047 milites
1226 1985 1325 2066 atque
1349 1981 1380 2045 iu

300 2120 492 2187 carceribus
518 2120 671 2209 publicis,
697 2137 759 2186 nec
785 2136 848 2183 nou
874 2118 959 2183 inter
983 2116 1142 2203 quasdam
1160 2123 1281 2200 gentes
1306 2113 1379 2182 dis-

299 2256 411 2322 tinctio
449 2255 575 2325 scabici
610 2274 630 2322 a
665 2257 835 2348 prurigine
870 2255 999 2322 maximi
1023 2274 1106 2323 sane
1129 2255 1279 2322 momenti
1304 2259 1378 2337 cst,

299 2391 361 2460 sed
387 2392 480 2457 nimis
507 2389 614 2456 adiuro
639 2389 771 2457 videtur
797 2391 948 2474 negtccta
975 2409 1068 2478 esse,
1096 2391 1140 2458 ita
1168 2397 1202 2457 ut
1224 2393 1256 2457 iu
1283 2391 1377 2457 cabi-

298 2525 380 2592 cuiis
413 2527 546 2593 miiitum
583 2527 636 2612 qui
669 2527 782 2594 scabie
818 2533 894 2592 suut
926 2529 1037 2595 adecti
1072 2527 1146 2594 sere
1170 2529 1271 2595 tertia
1296 2548 1377 2614 pars

297 2666 508 2745 aegrotorum
536 2680 555 2727 c
581 2661 749 2747 prurigine
775 2662 915 2751 taboret,
941 2682 1025 2750 quac
1050 2671 1213 2748 unguento
1238 2664 1377 2758 sulphu-

296 2798 365 2864 rico
388 2797 527 2864 maxime
552 2799 672 2864 usitato
696 2799 794 2864 etiam
821 2805 972 2882 erigetur.
1006 2837 1045 2850 -
1087 2799 1212 2867 Licben
1240 2799 1376 2868 cbrooi·
1445 2769 1449 2776 Ι

295 2955 355 3002 cns
382 2936 513 3029 papulis
541 2936 647 3018 magis
675 2937 858 3018 agminatim
885 2935 1056 3022 dispositis
1075 2955 1095 3002 a
1113 2898 1228 3002 scabie
1246 2933 1375 3027 differt3

266 3071 380 3168 'qaod
405 3073 597 3140 vocabalum
621 3073 854 3162 „agminatim“
887 3065 1113 3167 (gruppweis)
1150 3075 1299 3158 quamuis
1330 3073 1375 3139 sit

291 3214 465 3280 relativum
497 3214 528 3278 si
563 3212 655 3278 basis
695 3212 890 3320 inflammata
922 3228 987 3276 uon
1013 3207 1205 3276 conceditur
1227 3183 1372 3293 agmini,

290 3367 377 3436 quae
413 3349 563 3417 botonem
600 3350 714 3417 colore
752 3356 786 3414 et
818 3347 996 3440 superficie
1034 3347 1175 3415 editiore
1213 3348 1372 3430 insignem

290 3487 489 3556 circuibam
516 3489 654 3576 format,
680 3494 715 3554 at
742 3505 806 3554 uon
832 3486 937 3552 minas
963 3491 1071 3552 tamen
1097 3488 1245 3572 constat,
1273 3485 1371 3552 etiam

288 3624 434 3692 scabiem
453 3627 484 3690 iu
502 3623 683 3692 bominibus
712 3621 849 3688 sordide
869 3622 1055 3688 viventibus
1080 3621 1267 3704 agminatim
1291 3622 1371 3688 oriri

188 3755 190 3762 ’
286 3779 410 3853 posse3
426 3765 607 3847 praeterea
620 3778 703 3827 vero
714 3759 840 3844 gradus
855 3759 983 3846 quidam
994 3758 1179 3829 uaecaouis
1190 3759 1368 3829 communis

283 3895 316 3961 in
328 3893 456 3964 lichene
470 3897 580 3985 adest,
600 3897 653 3984 qai
669 3895 769 3963 deest
786 3898 818 3962 in
833 3896 959 3962 scabie.
990 3895 1117 3964 Licben
1130 3896 1271 3990 simplex
1285 3913 1366 3982 par-

284 4039 351 4100 tem
369 4033 537 4104 dorsaiem
554 4011 705 4102 manuum
727 4040 762 4100 et
787 4038 915 4120 partem
934 4033 1138 4101 exteriorem
1157 4032 1367 4100 articulorum

282 4171 463 4262 praecipue
502 4180 660 4268 oocupat3
702 4171 808 4270 lichen
852 4173 1013 4240 urticatua
1052 4165 1247 4237 intervallis
1280 4167 1364 4235 satis

281 4308 469 4406 conspicuis
499 4317 652 4406 apparet.
676 4351 726 4364 --
778 4309 817 4382 Si
845 4309 941 4382 modo
969 4310 1089 4381 leviter
1118 4305 1364 4402 disquisiveris‚
