3196 5224
506 1047 884 1160 rneropra.

709 1304 770 1352 atto
786 1299 862 1350 virm
877 1303 974 1352 ιιιιιιιιιι
992 1301 1104 1359 retentet
1122 1303 1237 1367 warsten,

711 1391 743 1437 ιιι
762 1385 801 1436 aio
818 1391 900 1438 leben.
1011 1459 1014 1468 1

759 1477 881 1542 flamen,
901 1471 1006 1524 Sindica
1023 1477 1085 1524 liber
1098 1471 1138 1523 dia
1150 1471 1238 1526 Virus.

237 1592 326 1702 Quo
350 1605 460 1690 plures
483 1609 683 1674 medicorum
706 1607 812 1672 libros
834 1607 1087 1691 perlustramus,
1120 1607 1240 1670 crescit

150 1705 278 1770 nivium
300 1709 406 1771 instar
427 1723 528 1772 vento
549 1707 784 1773 cumulaturum
805 1710 1037 1788 remediorum,
1059 1729 1142 1792 quae
1159 1727 1239 1771 con-

150 1820 201 1869 tra
225 1808 370 1872 scabiem
394 1811 683 1888 commendamur,
708 1831 880 1888 narrarerus,
903 1831 998 1893 quem
1021 1829 1176 1874 coercere
1198 1827 1239 1870 ne

150 1920 269 1970 nostro
309 1910 440 1992 quidem
477 1907 589 1973 seculo
618 1911 733 1974 critico
764 1909 913 1993 contigit.
956 1907 1053 1983 Quae
1082 1907 1240 1985 remedia,

151 2008 181 2069 si
207 2009 317 2072 omnia
346 2027 591 2088 enumerarem,
617 2009 699 2073 satis
722 2009 877 2094 languida
901 2011 1066 2074 eximeret
1087 2009 1240 2092 farrago,

152 2109 375 2172 enumeranda
415 2110 496 2173 milri
528 2109 638 2174 lorent
669 2130 686 2171 e
718 2108 873 2192 sulphure
906 2123 1101 2191 praeparata
1134 2109 1240 2186 vorin,

152 2205 269 2272 alcalia
294 2223 327 2272 et
348 2231 512 2292 sapones,
535 2225 728 2293 praeparata
751 2232 795 2274 ex
820 2211 1047 2294 hydrargyro,
1072 2210 1239 2285 arecalco,

151 2327 336 2392 mangano,
360 2313 468 2388 ziuco,
489 2312 604 2396 jodio,
637 2311 731 2375 acida
754 2308 943 2389 mineralia,
966 2331 1049 2392 oqtta
1074 2310 1158 2372 adeo
1179 2309 1239 2371 lei-

152 2406 241 2490 gida,
263 2410 575 2476 medicamentorum
600 2409 835 2494 vegetabilium
858 2410 957 2495 longa
978 2411 1095 2488 series,
1117 2411 1151 2473 in
1174 2430 1238 2492 qua

153 2529 313 2573 summum
335 2508 442 2575 locam
468 2525 580 2575 tenent
602 2509 725 2596 fuligo,
751 2513 829 2593 pix,
854 2525 1060 2589 creosotum,
1089 2506 1237 2573 hellebo-

153 2629 227 2688 rus,
257 2624 373 2674 cortex
397 2632 556 2694 quercus,
587 2612 655 2676 rad.
679 2610 823 2692 belenii,
848 2613 1034 2690 nicotiana,
1058 2606 1255 2700 sabadilla,

154 2706 398 2794 staphysagria,
421 2733 526 2796 neque
549 2713 842 2794 praetermittenda
865 2725 980 2776 essent
1002 2709 1144 2775 calcaria
1166 2730 1238 2774 car·

155 2807 289 2888 bonica,
320 2809 458 2893 sulphur
487 2825 519 2875 et
550 2814 686 2875 materia
719 2813 873 2877 scabiosa
901 2811 942 2876 ab
971 2809 1238 2893 lromliopatbieis

155 2907 299 2972 adbibita
314 2915 379 2992 ²³),
400 2945 441 2959 -
461 2924 494 2973 et
517 2925 627 2975 tamen
653 2932 718 2975 non
742 2910 927 2976 absolutam
952 2912 1054 2975 crisin
1078 2932 1237 2995 generum

156 3011 308 3089 curandi,
337 3011 510 3094 minusque
534 3011 713 3093 perlectam
737 3033 912 3095 processus
937 3013 1157 3094 therapeutici
1180 3012 1236 3075 dc·

156 3109 341 3174 ductionem
371 3126 586 3192 praestarem.
631 3111 774 3195 Sulpbur
804 3114 939 3177 omnino
963 3113 1144 3177 remedium
1169 3133 1237 3174 ma·
1329 3161 1334 3172 .

157 3212 237 3275 ximi
261 3211 433 3290 maurenti,
455 3235 518 3295 qtrn
543 3227 675 3291 contra,
696 3227 793 3297 atque
816 3213 982 3291 arsenico,
1005 3213 1109 3276 acidis
1131 3212 1236 3275 mine-

157 3308 278 3376 ralibus
301 3307 357 3390 lit,
381 3315 465 3376 eutis
488 3314 556 3376 vita
579 3311 695 3376 illaesa
717 3315 805 3376 acari
827 3311 953 3376 scabiei
976 3313 1042 3375 vita
1066 3312 1237 3396 extingui·

145 3401 216 3476 ¹tur.
259 3409 333 3474 Hac
356 3413 443 3474 enirn
469 3411 650 3489 medicina,
680 3413 728 3476 uti
752 3413 919 3491 diximus,
944 3413 1094 3496 quamvis
1116 3413 1237 3476 aeriter

158 3511 338 3576 recentiore
368 3524 516 3594 tempore
543 3515 750 3594 vituperata,
789 3513 979 3596 contagium
1012 3513 1126 3576 visum
1158 3532 1236 3574 eac·

159 3625 266 3691 catur,
305 3611 389 3695 quod
433 3610 485 3675 vel
522 3607 578 3674 illa
617 3609 762 3694 pericula
791 3612 831 3676 ab
862 3610 960 3676 Albin
983 3646 999 3663 ·
1022 3610 1106 3674 Gras
1138 3625 1237 3675 extra

160 3713 302 3777 ordinem
331 3712 419 3776 lacta
449 3710 605 3794 probant;
639 3712 755 3795 quodsi
786 3714 975 3797 contagium
1004 3731 1079 3774 esse
1102 3711 1236 3788 desinit,

159 3810 287 3877 morbus
310 3811 496 3891 scabiosus,
519 3814 616 3877 modo
637 3813 829 3890 mundities,
852 3809 1039 3877 lavationes
1062 3826 1095 3874 et
1118 3810 1237 3875 balnea

160 3913 282 3992 adsint,
305 3933 364 3994 per
386 3931 422 3976 se
442 3909 633 3990 conficitur,
657 3925 828 3996 statusque
850 3933 950 3998 aeger
972 3911 1012 3976 ad
1036 3910 1236 3976 valetudinis

160 4013 329 4077 transitum
365 4011 502 4077 accedit.
546 4010 722 4095 Sulphuris
758 4026 791 4077 et
825 4012 974 4078 internus
1006 4023 1039 4074 et
1075 4025 1235 4076 externus

160 4133 245 4178 usus.
271 4109 307 4175 ld
328 4131 387 4192 per
409 4125 515 4178 cutem
538 4113 669 4177 secerni
690 4112 901 4195 experientia
921 4111 1112 4196 quotidiana
1128 4111 1236 4190 docet,

235 4334 290 4412 23)
321 4329 565 4402 Waltlrer’suud
578 4331 863 4404 Graele'slournal.
890 4331 1091 4476 lldzllilll.
1118 4355 1150 4420 p.
1161 4333 1234 4398 477.

984 4466 1003 4510 Ι
