3196 5224
614 444 866 526 ...15-

198 651 368 720 Erdmauu
385 644 432 747 ¹⁹)
465 659 621 742 testatur,
649 654 784 722 scabies
810 657 989 724 salutarem
1017 658 1052 724 iu
1076 657 1185 724 babitu
1211 659 1285 724 uni-

198 806 304 857 verso
329 789 396 856 vim
422 788 582 856 exhibere
607 791 734 882 possit,
769 793 864 876 cujus
889 792 939 857 rei
969 793 1151 878 exemptum
1176 795 1206 858 in
1231 795 1284 859 in-

199 923 344 992 fantibus
370 925 598 1013 soropbuiosis
631 926 836 1008 invenimus,
871 927 945 1013 qui,
980 927 1076 994 sicuti
1104 931 1173 1012 jam
1206 934 1285 994 autc

197 1057 422 1129 Erdmaunum
459 1063 491 1128 in
525 1061 667 1130 Livouia
701 1055 935 1158 auaritrw)
973 1065 1125 1131 monitum
1157 1067 1282 1154 suerat,

198 1215 294 1284 quum
319 1197 435 1274 scabie
463 1193 626 1284 perfuncti
652 1206 744 1287 sunt,
769 1201 908 1267 metiore
934 1207 1067 1268 utuntur
1092 1199 1283 1269 valetudine

198 1351 295 1420 qnam
322 1336 510 1425 priusquam
547 1337 662 1405 scabie
697 1337 900 1408 laborarent.
951 1339 1019 1404 Atii
1053 1340 1139 1405 acuti
1166 1339 1281 1423 morbi,

162 1564 169 1568 .
198 1487 334 1556 quorum
361 1489 403 1538 ex
437 1489 571 1539 numero
606 1473 803 1561 scariotina,
835 1474 973 1540 morbiiii
1002 1491 1043 1540 ac
1071 1473 1192 1560 typhus
1217 1474 1282 1539 ad-

196 1606 282 1674 ferri
310 1617 461 1698 possunt,
488 1609 526 1676 re
551 1627 637 1677 vera
663 1611 847 1694 contagium
876 1609 1075 1697 scabiosum,
1103 1611 1124 1674 i.
1146 1629 1174 1674 e.
1202 1629 1282 1678 aar·

197 1750 338 1838 coptcn,
371 1765 512 1835 prorsus
538 1745 665 1830 deierat,
701 1745 788 1834 quod
821 1747 950 1834 quidem
975 1745 1051 1814 inde
1077 1747 1171 1814 dicas
1198 1764 1280 1812 con-

195 1880 331 1963 tingere
364 1883 515 1968 quonium
540 1883 614 1968 ipsa
641 1883 762 1974 epinoa
791 1885 1012 1965 organismum
1039 1885 1149 1952 toxica
1173 1888 1280 1951 auec-

195 2016 290 2085 tioue
319 2023 507 2108 correptum
538 2013 740 2115 rugianam).
789 2020 928 2087 Pseuicr
955 2027 989 2086 et
1006 2021 1096 2103 Vogt
1115 2024 1158 2086 uti
1177 2037 1280 2107 saepe

196 2155 344 2224 scabiem
370 2155 521 2224 variolae
549 2158 699 2225 comitem
734 2156 887 2223 viderunt
915 2173 999 2243 quae
1027 2166 1091 2222 tum
1119 2155 1279 2222 mitiorem

197 2292 300 2359 solito
327 2291 501 2360 decursum
528 2292 650 2380 babuit,
675 2294 722 2358 ita
750 2311 827 2359 raro
847 2311 919 2359 curn
937 2292 1105 2379 orticaria,
1130 2296 1278 2376 zostcro,

197 2432 407 2525 erysipelate
423 2414 486 2495 'vei
517 2429 694 2497 scarlatina
718 2427 957 2496 observabant.
981 2463 1021 2477 —
1045 2426 1192 2519 Tempus
1217 2444 1280 2518 per
1410 2433 1413 2439 '

197 2566 287 2654 quod
315 2566 472 2634 scabioso
495 2567 648 2652 abiectio,
682 2563 882 2648 singuiarum
915 2563 1118 2650 eruptionum
1150 2563 1279 2627 ratione

198 2725 263 2775 nou
288 2705 411 2794 babitu,
440 2704 548 2792 durat,
575 2721 733 2790 perquam
756 2701 913 2768 incertum
939 2704 1003 2787 cst,
1029 2717 1124 2786 quarn
1147 2697 1278 2764 obrem

198 2841 263 2908 iste
287 2842 420 2908 morbus
444 2841 529 2907 inter
547 2837 721 2906 chronicas
740 2837 861 2903 reterri
880 2836 1032 2921 potuerit.
1077 2833 1278 2922 Quamquam

198 2979 347 3066 plerique
372 2977 614 3044 observatores
647 2971 792 3040 scabiem
818 2971 990 3056 opinantur
1017 2976 1141 3038 tantum
1169 2970 1276 3037 medi-

199 3115 357 3182 camentis
394 3111 511 3200 quibus
548 3115 726 3196 sarcoptes
771 3111 948 3176 necaretur
989 3105 1142 3173 adhibitis
1180 3107 1276 3172 sanem

128 3343 136 3360 ο
198 3273 333 3342 capere,
360 3258 470 3319 tamen
494 3251 526 3316 in
552 3247 755 3332 regionibus,
783 3244 836 3310 ubi
859 3242 979 3310 crebro
1005 3241 1135 3308 obviarn
1155 3241 1277 3307 babent

197 3389 353 3478 scabiem,
383 3391 475 3471 larga
505 3385 685 3479 praebetur
708 3378 933 3465 cognoscendi
959 3377 1103 3464 occasio,
1130 3378 1276 3444 scabiem

195 3531 370 3615 postquam
395 3521 524 3606 longius
549 3537 612 3614 per
637 3524 777 3604 tempus,
804 3515 994 3600 pierumque
1020 3529 1135 3580 anuum
1161 3519 1195 3578 et
1221 3511 1274 3578 di·
1375 3559 1378 3567 .

194 3663 324 3730 midium
350 3659 492 3748 duravit,
522 3663 643 3746 sponte
668 3669 877 3722 evanescere
903 3667 1007 3737 posse
1020 3643 1084 3746 22).

275 3945 331 4027 19)
374 3967 428 4010 auc
450 3947 503 4008 der
523 3945 689 4008 intiicbcn
710 3943 831 4010 Praxis.
873 3943 1079 4010 Ητ11τ1847.
1122 3969 1153 4030 p.
1175 3947 1247 4010 245.

274 4047 330 4128 20)
374 4047 501 4130 specim.
523 4045 737 4130 topographiuc
759 4043 962 4128 Dorpatcusis
982 4048 1056 4108 uim.
1079 4047 1123 4112 iu.
1156 4045 1272 4130 Dorpat

193 4140 521 4328 1⁸2321›i¹·g?q⁵t⁸tt,
542 4269 590 4332 op.
613 4249 663 4312 cit.
686 4243 727 4308 ΙΙ.
750 4243 808 4308 Ba.
850 4244 1003 4332 Erlangon
1019 4249 1109 4313 1847.
1151 4271 1180 4332 p.
1197 4251 1269 4312 188.

274 4347 329 4430 22)
371 4345 633 4428 J.1iroraaan‚t
655 4369 680 4412 c.
720 4370 750 4432 p.
772 4345 845 4411 243.
