3196 5224
509 431 875 518 x“33-

312 636 388 704 Hoc
415 636 511 704 modo
548 637 613 704 etsi
638 638 746 704 multis
772 636 885 705 verbis
911 634 954 704 de
988 637 1104 706 scabie
1128 635 1292 729 diximus,

213 779 356 840 attamen
389 771 433 840 ad
465 771 604 840 eandem
639 775 766 840 certius
790 769 1056 858 cognoscendam
1081 773 1181 842 etiam
1207 791 1292 875 opus

214 915 267 975 eut
292 909 443 993 diagnosi
469 907 690 1000 differentiam
716 911 925 1002 expositione
948 912 1119 996 signorum
1141 911 1291 1007 peculia-

213 1046 293 1111 rium
321 1047 437 1132 quibus
464 1048 597 1116 scabies
625 1047 845 1132 distingnalur
885 1047 925 1116 ab
951 1049 1024 1114 aliis
1049 1047 1171 1116 morbis
1196 1052 1293 1114 enta·

213 1181 286 1249 neis
314 1181 491 1267 similibus,
517 1221 565 1236 -
595 1185 699 1272 qualis
733 1186 896 1277 expositio
933 1187 1114 1276 praecipue
1139 1188 1292 1286 tempore

213 1318 398 1406 antiquiore
425 1320 564 1386 maxime
591 1325 666 1387 erut
694 1325 891 1390 necessarie
917 1329 1017 1412 atque
1040 1321 1084 1391 ad
1110 1321 1293 1390 minutissi-

213 1474 294 1523 mam
309 1463 344 1522 el
361 1457 491 1524 anxiam
505 1456 704 1542 diligentiam
722 1476 762 1527 oo
779 1459 992 1528 subtilitatem
1009 1459 1123 1527 reduci
1138 1457 1294 1526 debebat.

214 1591 392 1679 Tamquam
426 1592 603 1660 discrimen
628 1595 799 1663 maximum
825 1597 1068 1684 praemittenda
1094 1605 1148 1666 est
1174 1598 1295 1691 explo-

213 1734 298 1798 ratio
324 1732 416 1799 acari
441 1731 586 1818 scubiei,
622 1734 675 1820 qui
704 1751 786 1798 ornus
811 1739 936 1800 certam
960 1735 1102 1821 praebet
1123 1733 1297 1818 diagnosin

213 1869 354 1957 scabiei,
381 1889 476 1958 qurum
516 1868 633 1938 eadem
672 1871 810 1954 genesis
853 1872 1049 1954 contagiosa
1089 1889 1155 1936 uon
1196 1869 1296 1936 alteri

213 2008 326 2076 morbo
359 2014 499 2076 outoueo
532 2007 650 2075 nedum
684 2005 855 2074 aliusmodi
883 2004 1006 2073 morbis
1030 2007 1205 2074 obveniat:
1245 2005 1297 2073 cui

214 2143 372 2212 existenti
398 2162 498 2212 acaro
523 2144 615 2210 limes
642 2143 739 2210 eliam
766 2139 923 2242 sordidus
947 2142 1130 2230 subrubet,
1167 2103 1297 2234 paulum

210 2243 338 2366 editus,
376 2280 530 2348 incurvus
558 2281 754 2362 necessario
776 2279 995 2365 conjungitur.
1055 2279 1201 2347 Praeter
1234 2274 1297 2366 hoc

216 2417 352 2486 fulcrum
379 2418 584 2502 diagnoseos
610 2420 694 2486 aliae
729 2419 828 2485 eliam
863 2415 1058 2484 afferendae
1090 2420 1166 2502 sunt
1198 2413 1297 2506 dille·

215 2555 365 2643 rentiae,
400 2561 436 2621 ul
470 2555 576 2638 imago
612 2555 738 2623 scabiei
771 2575 833 2642 quo
869 2557 956 2644 quis,
978 2557 1084 2621 salins
1117 2558 1299 2638 cognoscat

175 2691 182 2704 '
215 2694 410 2778 expressior
435 2700 468 2759 et
493 2694 598 2784 magis
625 2693 803 2786 perspicua
829 2691 962 2760 evadat.
1015 2691 1060 2757 Ut
1080 2689 1299 2779 distinguatur

216 2847 316 2914 psora
359 2847 378 2896 a
421 2829 589 2915 prurigine
622 2828 825 2918 fornicanti,
860 2848 924 2916 quo
958 2834 1099 2922 propter
1140 2827 1298 2916 pruritum

214 2967 427 3035 subcelare
459 2964 740 3034 vehementiorem
771 2965 911 3031 forsitan
943 2964 1040 3032 facile
1073 2967 1182 3059 possit
1214 2985 1299 3053 per-

214 3104 343 3186 muluri,
369 3102 562 3196 plerumque
586 3103 716 3169 allatum
745 3112 809 3190 est,
840 3123 976 3196 psoram
1001 3106 1298 3193 solummodum,

214 3243 414 3331 pruriginem
452 3261 535 3309 vero
576 3240 730 3310 ardorem
772 3240 941 3329 excitare,
978 3243 1178 3334 pruriginem
1219 3258 1318 3306 osse·

216 3377 415 3450 exunllrema
440 3378 654 3469 populosum,
686 3389 820 3470 psoram
844 3392 913 3448 non¹
935 3339 1033 3464 esso,
1063 3393 1145 3460 orgo
1163 3374 1234 3458 ¹lrac
1263 3373 1295 3440 in

219 3535 257 3582 re
286 3513 507 3607 microscopio
526 3512 664 3600 simplici
691 3517 746 3578 aut
774 3507 886 3578 sensu‘
904 3511 1014 3578 subtili
1033 3511 1206 3616 digitorum
1235 3529 1299 3596 ex-

134 3615 137 3624 *
215 3659 392 3719 tremorum
417 3650 570 3720 utendum
597 3668 698 3718 esse:
723 3656 759 3715 al
775 3668 857 3718 xero
876 3649 1013 3742 primum
1031 3667 1135 3742 psora
1160 3609 1302 3732 genuina

209 3789 247 3856 ,si
276 3788 392 3856 faciem
419 3796 569 3880 spedas,
595 3789 656 3856 sub
682 3789 787 3856 lorma
812 3791 976 3882 populosa
1002 3790 1154 3882 apparet,
1182 3781 1303 3851 deinde

216 3925 249 3991 in
275 3925 445 4020 prurigine
470 3928 657 3997 formicanti
680 3947 744 3996 uon
769 3946 847 3999 raro
867 3927 1039 3994 vesiculae
1059 3926 1210 4014 exstant3
1225 3925 1303 3986 tum

216 4065 303 4132 nullo
322 4067 354 4134 ei
381 4068 469 4134 inest
493 4068 548 4136 vis
576 4066 722 4150 conlegii
746 4061 978 4158 propagandi3
1005 4059 1141 4155 prurigo
1166 4064 1305 4151 praeter·

217 4200 337 4268 dieitur
361 4198 565 4271 hereditaria
597 4219 700 4292 esse,
733 4199 867 4268 scabies
899 4199 1048 4290 minime3
1083 4195 1224 4284 denique
1251 4191 1306 4260 ubi

218 4337 356 4436 prurigo
384 4335 474 4408 adsit
499 4357 646 4424 summae
670 4336 789 4427 cuique
811 4337 953 4425 papulae
980 4333 1144 4424 divulsae,
1171 4336 1206 4420 ul
1232 4335 1305 4398 tra·

1074 4454 1092 4506 u
