3196 5224
682 451 1015 542 ·-'ee-

349 667 497 765 cinctas3'
519 669 665 742 adbrlrita
681 672 834 743 frictione
857 672 924 754 hac
947 673 1118 742 vesiculae
1143 673 1306 744 eliduntur
1330 681 1428 766 alque

350 810 479 904 eruptio
505 793 653 903 speciem
677 827 787 904 paene
813 809 1001 876 scabiosam
1030 809 1148 898 induit,
1182 829 1291 900 neque
1319 827 1429 880 autem

229 973 233 984 ·
346 955 438 1014 vera·
466 946 598 1014 scabies
632 954 697 1016 cst.
753 947 827 1016 lluc
861 949 959 1016 etiam
996 947 1179 1015 relcrcnde
1210 953 1264 1015 est
1294 949 1427 1016 scabies

345 1083 513 1152 balnearis
541 1079 604 1178 ⁴²).
735 1133 737 1139 s

446 1219 599 1313 Denique
632 1223 770 1313 accidit,
804 1229 840 1291 ul
872 1222 1021 1292 homines
1055 1238 1250 1317 pauperes,
1284 1223 1425 1315 captivi,

344 1359 479 1448 milites,
521 1379 584 1448 qno
611 1360 741 1428 facilius
769 1349 967 1429 noso'comiis
1003 1359 1223 1452 recipiantur,
1255 1367 1427 1448 postquam

344 1495 470 1563 acubus
495 1463 635 1564 materia
661 1498 804 1586 qnalibet
829 1498 898 1564 acri
925 1497 1054 1566 imbutis
1079 1499 1315 1566 commissuras
1342 1496 1426 1582 digi-

348 1641 453 1706 torum
473 1638 529 1704 aut
552 1640 669 1727 partes
693 1634 936 1719 interdigitales
956 1633 1018 1700 sibi
1043 1635 1255 1726 pupugerint,
1280 1633 1427 1703 scabiem

346 1773 510 1859 simulent,
538 1789 624 1859 quae
649 1771 742 1838 trans
767 1789 851 1838 vero
878 1790 951 1838 mox
975 1771 1192 1840 animadverti
1219 1779 1344 1867 polest.

445 1906 545 1978 Haud
574 1905 750 2015 injucunda
781 1906 932 1994 proiecto
968 1912 1064 1974 esset
1095 1907 1275 1997 descriptio
1301 1909 1427 1976 scabiei

346 2043 623 2134 ctlrnograplrica,
654 2051 799 2111 attamen
826 2045 857 2110 in
882 2062 1030 2138 campum
1054 2063 1115 2112 nos
1141 2044 1326 2144 abduceret
1350 2045 1425 2114 ini-

343 2187 455 2276 nilum,
484 2185 579 2269 cujus
604 2181 759 2250 tractatio
787 2181 916 2248 omuino
943 2199 1058 2267 parum
1080 2181 1227 2248 utilitatis
1254 2179 1425 2248 redderet.

343 2324 506 2392 Bateman
523 2313 572 2416 ⁴³)
600 2316 760 2409 quandam
785 2315 932 2384 scabiem
951 2315 1100 2404 indicem,
1130 2334 1224 2406 quam
1244 2313 1424 2401 Sauvagcs

342 2457 562 2553 nuncupavit,
595 2455 647 2522 his
672 2453 789 2520 verbis
816 2453 980 2542 explicat:
1016 2451 1211 2523 eranthema
1236 2453 1335 2522 valde
1362 2435 1424 2522 cu-

342 2595 495 2663 mulctum
523 2599 577 2662 est
610 2599 645 2662 et
669 2597 863 2680 extensum,
896 2592 962 2658 cuti
989 2591 1133 2658 colorem
1160 2588 1282 2656 inducit
1305 2597 1424 2660 auste-

343 2733 465 2799 riorem
484 2739 520 2800 el
544 2732 777 2820 sordidiorem,
804 2693 900 2819 quam
917 2728 1053 2796 scabies
1078 2727 1239 2816 vulgaris,
1265 2747 1335 2794 cunr
1362 2727 1424 2794 im-

342 2868 491 2955 petigine
522 2887 690 2957 persaepe
722 2847 865 2962 apparet
899 2867 1114 2955 complicata,
1144 2866 1290 2958 pruritus
1324 2865 1355 2932 in
1381 2883 1423 2930 eo

340 3001 543 3097 vehemens,
590 3007 776 3089 contagium
817 3023 976 3098 perquam
1018 3003 1175 3070 celeriter
1217 3002 1424 3095 propagatur

340 3148 440 3235 atque
465 3139 622 3209 remediis
649 3141 916 3233 pertinacissime
935 3144 1108 3230 repugnat.
1159 3137 1307 3203 inlibris
1327 3135 1422 3201 iran-

340 3280 510 3364 oogallicis
543 3279 681 3374 saepius
715 3277 751 3345 srt
791 3277 912 3347 mentio
949 3275 992 3342 de
1030 3271 1146 3342 scabie
1177 3269 1422 3356 *Bedninorum
1494 3317 1498 3328 .

339 3433 426 3504 quae
456 3417 555 3484 mrrlla
586 3383 792 3504 amplectitur
824 3413 1080 3502 exanthemata3
1124 3409 1207 3476 lraec
1240 3408 1356 3478 Gallos
1388 3407 1422 3475 in

340 3551 479 3636 Algeria
503 3572 568 3620 non
596 3571 675 3622 raro
701 3525 817 3640 allicitj
842 3550 895 3616 ubi
919 3547 1087 3616 adversus
1112 3546 1247 3612 morbos
1271 3545 1420 3612 internos

338 3691 549 3756 tutamentum
586 3708 668 3757 csse
693 3695 835 3782 putatur.
878 3725 917 3739 -
969 3663 1168 3780 Epiderniae
1195 3681 1419 3752 scabiosaea

337 3826 444 3894 multis
462 3825 599 3895 medicis
623 3826 847 3894 veterioribus
867 3823 1061 3918 descriptae
1087 3829 1121 3890 et
1139 3823 1180 3892 ab
1200 3819 1347 3890 Onanam
1365 3811 1415 3910 ⁴⁴)

337 3965 500 4034 collectae
523 3970 613 4033 snnl.

338 4097 638 4118 ..ψ--ι-ιι

417 4181 471 4260 42)
514 4183 552 4244 cl.
573 4179 698 4258 Rohde,
724 4203 774 4264 op.
797 4183 852 4246 cit.
895 4202 924 4266 p.
948 4181 1001 4246 22,

416 4281 472 4364 43)
516 4282 538 4345 Ι.
562 4301 588 4345 c.
628 4305 658 4364 p.
680 4283 750 4345 270.
1318 4349 1322 4358 .

251 4489 252 4492 Ἴ
333 4476 364 4552 V
403 4379 598 4574 Ptlpaeffist.
619 4384 728 4448 medio.
743 4383 796 4447 dea
811 4383 957 4479 maledics
972 4381 1190 4468 epidimiquea.
1234 4377 1303 4450 Par.
1319 4379 1414 4449 1823.
