3196 5224
735 464 986 538 ..22-

321 665 460 737 sormam
484 669 606 742 ducunt
637 673 737 758 louge
764 675 1020 744 usitatissimam.
1073 676 1232 747 Attamen
1255 673 1404 744 Karsten

320 807 506 894 chirurgus,
534 807 802 896 quemadmodum
831 827 875 878 ex
902 829 954 898 ea,
982 830 1078 898 quum
1105 814 1235 900 profert
1247 807 1311 908 25),
1333 812 1403 880 de·

318 945 501 1034 scriptione
526 951 638 1042 patet,
670 947 833 1016 vocabulo
858 949 985 1018 scabiei
1010 950 1122 1018 sienae
1151 944 1289 1042 (tenuis,
1318 968 1402 1016 acu-

317 1083 476 1183 minatas)
505 1086 696 1174 populosam
723 1085 904 1172 designare
938 1086 1045 1173 solet,
1083 1087 1213 1156 nomine
1250 1055 1401 1156 humidae

319 1225 488 1323 (magnae,
513 1219 744 1318 suppurantis)
766 1223 970 1309 pustulosam
994 1223 1069 1308 ejus
1095 1223 1301 1309 eruptionem
1325 1225 1400 1308 sig-

316 1363 446 1454 monem
478 1377 565 1450 quae
600 1365 711 1427 tamen
746 1359 989 1446 appellationes
1020 1360 1091 1443 Jum
1123 1358 1209 1446 opud
1235 1353 1396 1456 seusu)

314 1499 479 1585 leguntur.
519 1535 560 1550 -
607 1497 737 1582 Vulgus
772 1498 964 1584 plerumque
1000 1494 1147 1564 scabiem
1180 1496 1332 1580 pinguem
1365 1505 1400 1564 et

314 1637 438 1704 siecum
461 1627 697 1732 discernu²⁷).

414 1773 492 1841 Jum
518 1772 614 1841 nobis
648 1792 713 1842 non
738 1778 867 1860 restat,
898 1771 961 1840 nisi
995 1779 1031 1840 ut
1062 1770 1106 1838 de
1134 1772 1261 1839 scabiei
1285 1771 1318 1838 iu
1342 1770 1398 1838 di-

313 1913 428 1980 uersis
445 1871 537 1981 vitae
553 1909 791 1980 conditionibus
810 1909 1014 1996 singulisque
1032 1908 1114 1976 loeis
1134 1907 1397 1976 conformatione

312 2048 509 2117 mentionem
534 2049 725 2120 interimus.
767 2047 996 2135 Symptornuta
1018 2065 1121 2142 supra
1139 2052 1396 2118 commemorata

312 2191 409 2257 aetus
426 2183 547 2284 'adulta
572 2187 709 2277 propria
732 2185 797 2254 sibi
820 2183 978 2250 vindieat.

412 2323 452 2388 In
477 2323 655 2392 infantibus
679 2322 812 2391 morbus
846 2319 1023 2390 decursum
1049 2320 1149 2388 habet
1171 2323 1270 2390 multo
1295 2325 1392 2416 rapi--

311 2458 439 2527 diorem
463 2477 560 2548 quum
590 2459 623 2526 in
648 2457 829 2526 homiuibus
851 2461 921 2545 jam
954 2457 1093 2551 adultis3
1126 2477 1266 2547 namque
1292 2463 1391 2546 peri·

309 2594 435 2683 pheriui
461 2614 641 2664 nervorum
666 2595 752 2665 fines
779 2597 995 2666 irritationem
1021 2599 1232 2668 extrinsecus
1257 2598 1390 2668 inlatam

308 2733 408 2817 longe
425 2731 656 2801 vehementius
674 2733 893 2820 persentiunt,
918 2733 949 2800 id
970 2733 1057 2822 quod
1075 2735 1244 2802 multorum
1262 2737 1389 2828 spasmi

307 2885 469 2952 generum
495 2887 629 2937 eausam
663 2869 800 2939 adlerre
825 2875 948 2957 potest.
1001 2870 1133 2938 Deinde
1164 2871 1250 2958 quod
1276 2874 1308 2938 in
1334 2873 1386 2940 in-

307 3007 471 3096 fantibus,
504 3024 547 3075 ne
578 3013 685 3074 cutem
717 3007 918 3096 peririoent,
957 3007 1055 3074 roullo
1089 3008 1194 3074 minus
1221 3007 1388 3094 prohiberi

306 3147 420 3232 potest
443 3143 648 3231 saepiusque
675 3143 720 3210 illi
743 3144 899 3230 squalent
915 3141 1124 3232 immunditie,
1149 3144 1285 3212 scabies
1304 3146 1386 3212 bre·

304 3281 400 3350 viere
428 3279 589 3368 temporis
624 3281 733 3368 spatio
767 3278 809 3347 od
841 3279 1071 3350 secundariam
1097 3279 1220 3348 ulceris
1251 3281 1386 3350 lormam

303 3417 471 3485 inarescit.
513 3417 712 3486 Autenrietlr
735 3423 880 3484 crustam
907 3417 1151 3503 serpiginosum
1175 3437 1236 3510 pro
1259 3417 1394 3496 scabiei

304 3553 550 3622 eltloreseeutia
586 3553 704 3644 nabet,
737 3573 831 3626 suam
864 3573 904 3622 ae
937 3555 1104 3640 propriam
1138 3555 1255 3642 ruique
1282 3555 1385 3620 aetati

156 3757 158 3763 s
302 3689 530 3761 formationem
553 3691 746 3786 vindicans3
770 3694 822 3760 cui
849 3709 1041 3780 quamquam
1065 3689 1186 3756 llenke
1215 3695 1249 3756 et
1267 3688 1385 3758 Haase

301 3827 489 3901 adversarii
517 3830 734 3918 exstiterunt,
761 3835 871 3896 tamen
895 3827 993 3896 lieim
1022 3831 1165 3894 crustam
1191 3825 1384 3912 sorpigino-

381 4096 436 4180 25)
479 4101 528 4161 inlr.
551 4100 601 4162 die
623 4097 738 4163 Kritza
759 4110 819 4164 ato.
862 4122 895 4184 p.
919 4100 951 4164 9.

381 4197 436 4279 26)
480 4221 530 4282 op.
550 4220 580 4262 o.
622 4223 655 4284 p.
680 4202 752 4265 245.

380 4297 435 4381 27)
476 4295 665 4381 Bergusium,
697 4304 746 4365 die
770 4299 982 4366 Krunkhsilen
1008 4303 1059 4364 der
1082 4299 1186 4378 Haut,
1218 4299 1318 4364 fluore
1351 4323 1383 4368 u.

297 4392 407 4480 Nigel.
448 4395 639 4481 Lpz.1842.
