3196 5224
654 479 908 554 ...45-

247 675 320 758 equi
346 674 554 750 observavit3
576 677 672 739 tertio
695 675 747 739 rel
776 678 889 759 quinto
905 677 958 738 die
974 688 1048 758 post
1063 674 1182 738 coitum
1200 674 1323 737 semina

248 773 378 839 arulum
403 777 545 860 peperit;
575 775 810 862 Bourguignou
827 781 878 858 ⁷⁴)
902 790 1070 858 sarcoptas
1096 795 1225 856 semper
1251 775 1323 836 sine

198 879 199 882 ’
247 872 382 938 alterius
416 875 579 940 individui
613 875 741 940 auxilio
776 898 811 940 se
844 898 1025 962 propagare
1054 873 1166 938 valere
1199 886 1323 938 censet.

246 973 283 1038 lu
311 973 452 1039 concilio
483 977 643 1040 vicesimo
672 979 804 1060 quinto,
839 979 924 1060 quod
953 990 1089 1039 naturae
1122 987 1323 1038 scrutatores

247 1089 280 1138 ct
300 1076 418 1138 medici
446 1073 644 1142 Germaniae
665 1099 694 1139 a.
712 1081 791 1142 1847
816 1076 1009 1154 babuerunt,
1033 1074 1092 1138 Dr.
1110 1073 1228 1157 Debey
1251 1095 1323 1136 cum

249 1175 290 1238 iis
326 1177 582 1240 communicavit
614 1177 865 1242 observationes
899 1197 977 1240 suas
1010 1177 1050 1240 de
1083 1177 1229 1252 ratione,
1262 1193 1325 1254 qua

247 1290 417 1358 sarcoptes
441 1297 477 1340 se
501 1292 714 1360 propagaret;
742 1277 921 1342 secundum
953 1275 1038 1338 hunc
1062 1277 1167 1338 virum
1193 1274 1323 1335 doctum
1444 1327 1448 1338 .

248 1374 419 1440 ovulorunt
459 1376 665 1458 receptacula
697 1376 796 1460 hujus
829 1374 990 1440 bestiolae
1023 1388 1100 1440 sunt
1134 1371 1258 1457 globuli
1290 1372 1323 1434 in

247 1474 379 1540 sacculo
401 1476 554 1540 feruinae.
568 1475 780 1554 adhaerente,
802 1479 856 1561 qui
878 1475 1003 1560 globuli
1021 1474 1061 1538 ab
1078 1475 1173 1537 initio
1191 1470 1324 1556 oblongi

248 1591 280 1638 et
303 1575 374 1639 basi
390 1574 457 1640 lata
479 1577 623 1640 feuriuac
639 1579 764 1640 annexi
785 1591 872 1655 sunt,
893 1575 1050 1658 paulatim
1066 1597 1145 1638 vero
1163 1585 1325 1650 creseunt,

249 1677 295 1740 ita
319 1689 354 1738 ut
378 1678 508 1740 tandem
535 1693 707 1758 sarcopten
730 1677 836 1757 ipsunt
860 1677 1087 1761 magnitudine
1109 1674 1207 1760 louge
1229 1694 1325 1753 supe·

249 1789 332 1852 rent,
355 1773 453 1838 simul
479 1799 558 1840 uero
587 1777 675 1841 basis
697 1774 848 1862 globulos
872 1799 943 1839 cum
966 1797 1103 1858 corpore
1119 1776 1325 1858 conjungens

247 1873 402 1956 paulatim
426 1879 597 1962 angustior
619 1874 668 1954 fit,
692 1890 724 1944 et
749 1890 915 1958 postremo
937 1873 999 1940 bac
1022 1875 1093 1938 basi
1115 1875 1249 1938 omnino
1271 1895 1324 1936 so-

247 1974 315 2040 luta
335 1974 460 2065 globuli
490 1977 719 2057 decidtrnt⁷‘).
764 1973 935 2040 Eicbstedt
964 1973 1186 2038 evolutionem
1213 1995 1325 2038 sarco·

246 2089 321 2158 ptac
344 2073 488 2140 bominis
515 2091 667 2141 accurate
697 2075 886 2158 disquisivit
908 2088 1004 2159 atque
1030 2076 1062 2139 in
1086 2074 1209 2138 scabiei
1233 2073 1325 2136 cuui-

248 2173 330 2242 culis
353 2175 450 2240 ovula
474 2176 807 2258 sarcoptaeinvenit,
830 2197 912 2259 quae
936 2177 969 2239 in
994 2198 1057 2240 una
1083 2175 1169 2238 serie
1192 2171 1243 2235 rel
1267 2193 1324 2253 pa-

247 2273 360 2342 rallcla
383 2275 471 2340 aliud
492 2279 590 2360 juxta
607 2274 694 2340 aliud
711 2274 883 2353 collocata,
906 2275 1037 2360 singula
1053 2296 1155 2358 usque
1171 2273 1211 2336 ad
1228 2273 1324 2350 dena,
1453 2351 1455 2357 Ι

246 2377 279 2439 in
312 2374 472 2440 cuniculis
504 2377 567 2440 sita
601 2388 695 2439 erant
728 2387 760 2438 et
793 2397 893 2458 saepe
927 2377 959 2440 io
991 2377 1092 2438 uariis
1123 2372 1324 2444 evolationis

247 2475 364 2539 stadiis
397 2473 626 2539 versabantur.
683 2476 735 2538 Ad
775 2474 859 2538 banc
896 2475 1161 2539 observationem
1199 2487 1323 2536 tautum

246 2575 412 2656 perveniri
436 2589 560 2656 potest,
589 2576 617 2637 si
643 2587 731 2638 totus
757 2573 881 2640 scabiei
905 2573 1074 2640 cuniculus
1097 2571 1214 2638 forfice
1236 2574 1324 2635 Cou-

246 2676 328 2756 perii
352 2675 529 2758 exciditur.
566 2671 709 2743 Oculum
732 2696 849 2740 recens
872 2688 998 2757 partum
1021 2675 1091 2738 fere
1107 2665 1172 2754 ,Ψ
1190 2671 1323 2756 longum

247 2787 279 2836 et
299 2769 366 2856 'ff'
384 2771 484 2838 latum
517 2777 651 2856 est⁷⁸),
682 2772 780 2838 ovula
809 2779 1002 2860 matura⁷⁷)
1032 2770 1185 2856 operculo
1218 2772 1324 2835 uitreo

247 2895 435 2958 compressa
457 2870 643 2949 dissiliunt,
676 2873 719 2934 ita
750 2888 785 2936 ut
808 2888 979 2956 sarcoptac
1003 2875 1135 2938 neonati
1161 2893 1325 2936 evacuen-

247 2989 308 3040 tur.
353 2973 529 3054 Sarcoptes
552 2985 734 3052 neonatus,
757 2971 811 3036 ubi
838 2995 882 3038 err
906 2971 1005 3038 evulo
1028 2976 1144 3056 erepit,
1166 2951 1326 3056 ,¹3-,¹,'''

245 3072 364 3160 longus
387 3087 420 3136 et
435 3065 499 3152 ,Ψ
517 3071 604 3137 lutus
627 3085 689 3150 est,
712 3087 808 3156 caput
830 3088 863 3137 et
881 3075 982 3156 pedes
1004 3075 1188 3137 anteriores
1207 3073 1324 3135 iisdem

247 3173 381 3258 organis
415 3185 587 3254 sarcoptae
622 3171 723 3236 adulti
755 3172 909 3257 aequales
945 3189 1038 3252 sunt,
1069 3196 1128 3256 pro
1157 3172 1324 3255 quaternis

245 3293 326 3337 vero
348 3271 486 3354 pedibus
517 3271 756 3354 posterioribus
787 3287 911 3338 tantum
945 3270 1168 3337 biuos'ltabet
1189 3274 1239 3352 (ut
1254 3273 1325 3353 jam

157 3405 167 3424 ·
246 3373 390 3438 Karsten
414 3386 586 3452 sarcopten
613 3368 757 3436 hominis
780 3393 842 3436 sex
865 3370 1002 3455 pedibus
1019 3373 1212 3454 instructum
1229 3373 1325 3435 icone

213 3537 217 3548 ,
246 3473 423 3556 depinxit).
467 3469 658 3552 Sarcoptae,
681 3485 717 3534 ut
738 3469 793 3534 alii
814 3474 914 3550 aceri,
937 3485 1049 3536 vetere
1066 3470 1206 3536 cuticula
1223 3485 1326 3535 exerta

248 3593 369 3638 novam
402 3569 646 3650 adipiscuntur,
678 3570 882 3654 etquidem,
911 3585 948 3633 ut
970 3571 1140 3634 Eicbstedt
1163 3569 1325 3648 affirmat,

247 3675 331 3738 adeo
354 3671 505 3754 saepius,
529 3689 624 3752 qoam
647 3668 768 3750 semel,
796 3671 854 3734 sed
879 3671 949 3754 jam
980 3686 1055 3752 post
1083 3674 1219 3753 primam
1243 3673 1325 3735 cuti-

247 3771 340 3838 culae
364 3771 580 3838 mutationem
598 3784 770 3854 sarcoptae
794 3772 924 3836 octonis
945 3769 1083 3854 pedibus
1109 3773 1324 3836 instruuntur.

245 3898 573 3914 m

326 3981 383 4146 lbi
423 3980 865 4148 'Allgmleiff'metictnisehe
893 4055 1200 4143 Central·Zeitung,
1229 4061 1323 4124 1847.

247 4145 303 4211 No·
326 4147 385 4312 bb)
428 4231 468 4298 (i.
490 4227 650 4315 Schmidt,
678 4234 728 4296 die
756 4229 1042 4294 Haatlrraukbeiten
1075 4235 1130 4292 cet·
1153 4225 1229 4294 Tab.
1252 4224 1324 4292 vlt.

248 4313 302 4399 η’
324 4315 406 4487 bb*
427 4397 499 4464 ιιιι.
522 4398 570 4488 cg.
592 4400 663 4466 ιιι.
