3196 5224
671 419 991 492 .-to-

430 625 514 692 Dum
547 624 662 692 scabie
696 623 845 691 laborant
877 622 1007 706 aegroti
1033 619 1076 689 de
1100 639 1219 706 magua
1244 623 1412 692 adversus

332 762 509 828 interiores
537 766 782 846 temperaturae
808 758 934 842 gradus
962 758 1182 824 sensibilitate
1202 778 1412 847 conquerun-

331 897 403 964 tu'r.¹
425 935 462 948 —-
501 898 701 964 Funetiones
736 901 933 978 organorum
971 896 1137 962 nutritioni
1165 896 1412 962 inservientium

332 1054 395 1101 non
432 1054 533 1125 secus
569 1055 664 1122 quam
699 1033 888 1104 valetudine
934 1052 998 1099 non
1035 1032 1166 1098 turbata
1206 1031 1410 1122 procedunt,

332 1179 565 1263 praeterquam
601 1172 686 1262 quod
713 1165 945 1264 Huseinnd23)
974 1172 1135 1238 insolitum
1169 1167 1288 1260 edendi
1314 1166 1409 1234 desi-

332 1307 454 1374 derium
481 1307 759 1384 animadvertisse
783 1308 846 1376 sibi
873 1307 1017 1374 videtur.

430 1445 515 1534 Eae,
540 1465 673 1534 quarum
699 1444 793 1512 moda
820 1446 1015 1514 mentionem
1034 1442 1181 1528 fecimus,
1212 1440 1409 1528 discrepan-

331 1585 397 1648 tiae
426 1581 639 1648 acommoda
666 1601 725 1668 pro
751 1589 826 1650 rata
847 1587 955 1674 parte
972 1579 1172 1648 valetudinis
1204 1579 1408 1664 conditione,
1492 1585 1495 1590 “

331 1719 426 1785 unica
465 1723 540 1784 sunt
567 1723 601 1786 et
627 1719 700 1785 sola
726 1717 951 1800 phaenomena
975 1716 1101 1784 scabiei
1129 1679 1298 1798 genuinae¹
1324 1735 1407 1807 pru·

331 1855 414 1940 pria.
463 1852 556 1937 Quae
591 1854 726 1920 scabies
760 1855 790 1920 si
825 1852 956 1940 quidem
983 1853 1055 1936 jam
1089 1851 1210 1917 diutius
1235 1835 1408 1934 aegrotum

331 1989 453 2072 tenuit,
491 1991 586 2055 etiam
617 1990 777 2073 insignem
814 1988 976 2076 qrrandam
1008 1986 1050 2053 ad
1077 1989 1167 2088 eutis
1193 1997 1314 2054 statum
1342 1988 1407 2056 vim

330 2122 439 2212 habet,
465 2143 562 2212 perae,
588 2125 737 2211 quamvis
760 2125 875 2196 scabie
901 2125 1081 2213 parasitica
1100 2127 1321 2214 inuenerant,
1351 2134 1407 2194 ta-

330 2278 403 2325 men
427 2261 460 2325 in
486 2265 656 2346 posterum
678 2225 807 2346 quoque
836 2265 965 2346 tempus
989 2259 1110 2328 diutius
1136 2259 1305 2328 admodum
1329 2264 1407 2329 vui-

329 2395 485 2463 nerabiiis
508 2399 638 2486 manet3
670 2393 756 2462 uude
786 2395 883 2462 facite
911 2397 1156 2464 excoriationes
1183 2405 1281 2485 atque
1309 2401 1405 2468 exui·

329 2531 518 2598 cenationes
554 2538 658 2601 ortum
692 2531 832 2619 habent,
876 2520 1026 2621 cutisque
1053 2536 1127 2621 ipsa
1158 2536 1267 2614 vaide
1293 2536 1405 2624 sicea,

247 2696 251 2702 ·
329 2669 451 2734 eoloris
477 2667 571 2749 ssavi,
596 2685 786 2753 rugosaque
814 2667 899 2736 adeo
927 2669 1028 2744 iniis
1053 2672 1152 2760 iocis,
1178 2689 1263 2758 quae
1291 2672 1407 2739 scabie

329 2813 417 2873 tacta
446 2825 510 2872 non
528 2805 678 2894 inerant,
701 2807 857 2872 cernitur.

431 2939 557 3022 Quodsi
588 2940 639 3007 his
666 2942 713 3008 ita
734 2943 905 3033 ¹expositis
937 2945 1111 3028 imaginem
1136 2949 1298 3030 genuinae
1324 2967 1408 3018 sca.-

328 3081 393 3148 biei
430 3077 556 3146 formae
590 3079 854 3146 adumbravimus
864 3127 875 3168 ,
912 3077 988 3146 nihii
1025 3081 1120 3147 nobis
1160 3083 1317 3170 reliquum
1351 3091 1408 3151 est

328 3213 413 3286 aiirrd
449 3216 510 3281 uisi
542 3221 577 3281 ut
607 3217 792 3284 varietates
825 3216 973 3300 singutas
1007 3219 1282 3306 contemplemur,
1320 3239 1407 3308 quae

327 3321 441 3419 neseio
475 3371 517 3416 au
553 3353 648 3418 etiam
685 3321 834 3420 crebrius
867 3371 961 3439 quam
995 3354 1069 3438 ipsa
1096 3352 1139 3422 de
1172 3375 1236 3442 qun
1266 3355 1405 3424 diximus
1467 3339 1477 3356 ⁸

327 3488 431 3556 sormn
457 3489 595 3572 genuina
620 3491 837 3576 reperiantur.
880 3486 973 3572 Quae
1001 3489 1185 3568 varietates
1212 3493 1316 3576 magis
1340 3493 1405 3558 mi-

325 3645 432 3693 nusve
456 3644 477 3692 a
502 3627 618 3712 specie
650 3629 791 3710 genuina
821 3627 1059 3718 abhorrentes,
1094 3647 1137 3695 cx
1163 3629 1409 3696 constitutionis

324 3748 503 3831 universae
528 3765 632 3852 variis
659 3764 909 3832 diversitatibus
933 3765 1091 3850 originem
1118 3783 1212 3832 suam
1238 3769 1408 3853 repetunt.

324 3905 398 3968 Nos
417 3900 497 3982 jnre
527 3919 567 3967 ac
597 3902 715 3983 merito
750 3901 853 3970 hasce
886 3901 1072 3970 varietates
1105 3901 1275 3989 appellare
1299 3921 1410 3990 posse

324 4036 485 4105 videmur.
534 4035 599 4104 Est
625 4037 723 4120 igitur
757 4099 762 4106 .

406 4323 461 4406 23)
504 4322 722 4410 Euchiridion,
745 4325 795 4392 5to
816 4327 899 4394 nun.
943 4329 1028 4396 Berl.
1050 4329 1144 4398 1839.
1188 4354 1219 4417 p.
1242 4333 1315 4412 442.
