3196 5224
596 515 851 586 ...35-

185 715 337 794 facillime
366 717 438 785 fieri
466 709 578 804 potest
604 726 638 786 ut
656 721 790 787 scabies
816 739 877 814 pro
912 727 1082 813 scnemata
1110 718 1266 790 chronico

183 851 362 920 habeatnr:
389 853 482 941 quorl.
502 855 708 943 examhcma,
735 873 843 943 aeque
867 873 907 926 ac
933 857 1085 946 scabies,
1111 857 1266 951 inpacto

182 988 374 1078 plerumque
401 998 539 1080 tenero,
576 1014 638 1082 qua
668 996 896 1060 extremitates
920 995 1114 1082 nectuntur,
1145 965 1266 1081 optime

158 1131 338 1216 'provenit
365 1131 601 1220 vesiculasqoe
620 1131 751 1220 format,
778 1150 862 1220 qrrae
883 1148 963 1197 sero
991 1131 1206 1225 complentur,
1231 1133 1267 1195 ut

181 1267 214 1332 in
245 1267 361 1335 scabie
395 1289 480 1358 quae
525 1269 701 1357 dyscrasia
731 1268 948 1376 scrophulosa
979 1267 1016 1334 tit
1051 1266 1265 1358 complicata,
1328 1369 1332 1376 Ι
1384 1323 1389 1335 .

183 1403 355 1471 vesiculae
397 1405 550 1472 rlivrrlsae
588 1405 710 1473 crustis
750 1403 974 1492 olnlucnntnr,
1016 1420 1101 1492 quae
1135 1401 1264 1470 similli-

183 1558 257 1606 mae
294 1551 371 1607 snut
406 1543 529 1610 crustis
568 1521 755 1632 scaliiosis3
791 1547 827 1607 at
860 1557 995 1626 semper
1028 1537 1136 1606 tamen
1166 1536 1266 1605 deest
1335 1601 1339 1607 .

182 1695 315 1760 acanus,
342 1679 470 1762 signum
496 1679 711 1772 praecipuum
744 1677 934 1768 diagnosis,
967 1683 1066 1767 atque
1098 1675 1263 1743 cuniculus

183 1815 316 1900 tennis,
365 1813 471 1880 sedes
520 1815 616 1881 illins.
662 1852 708 1866 -
762 1816 926 1903 lupetigo
970 1813 1167 1883 exanthema
1211 1821 1265 1882 est

182 1953 313 2044 penitus
358 1953 592 2046 pustulosum3
641 1954 794 2047 pustulae
837 1971 902 2018 non
949 1953 1132 2046 praecipue
1177 1950 1262 2018 hae·
1343 1934 1347 1944 ¹

183 2094 257 2154 rent
292 2090 323 2155 in
362 2091 535 2178 manilius,
593 2088 731 2176 pedibus
774 2094 809 2154 et
849 2087 880 2154 in
921 2087 1072 2174 partibus
1128 2087 1170 2154 iis
1208 2087 1263 2152 ubi

182 2225 412 2292 extremitates
450 2227 646 2320 tlectuntor3
690 2227 830 2295 facultas
872 2225 1017 2310 contagii
1055 2221 1263 2319 propagandi
1303 2231 1305 2236 '

181 2361 266 2427 nullu
293 2363 510 2457 conspicitur3
543 2365 689 2453 pruritus
718 2365 846 2434 omnino
873 2364 981 2431 deest.
1018 2399 1057 2448 7-
1098 2359 1262 2447 Ectlrynru

180 2497 290 2564 itidem
336 2500 533 2569 exantlremu
574 2509 629 2569 est
668 2503 801 2596 penitus
843 2502 1070 2595 postolosum‚
1113 2495 1198 2588 quod
1241 2513 1261 2561 a

180 2634 294 2702 scabie
326 2639 500 2729 purulenta
534 2640 645 2708 ‹lillert
682 2641 754 2708 basi
794 2639 896 2728 dura,
935 2637 1045 2726 edita,
1081 2631 1262 2703 rubicunda

179 2775 233 2840 vel
261 2774 375 2864 livida,
402 2797 567 2870 processu
592 2777 689 2845 tardo
716 2778 917 2861 singulorum
941 2775 1163 2869 pustularum,
1189 2771 1259 2838 ori-

178 2911 254 2991 gine
279 2913 421 2978 ulcerum
456 2911 721 3002 profundiorum,
755 2912 952 2979 formatione
985 2917 1170 2980 crustarum
1195 2908 1259 2978 oe-

178 3066 388 3136 pressarum,
431 3047 659 3116 delinientibus
693 3049 820 3144 pruritu
858 3053 892 3116 ct
930 3048 1089 3115 facultate
1117 3045 1261 3129 contagii

179 3182 469 3278 propagandi-
508 3182 701 3279 adspectus
740 3185 855 3252 brevis
889 3185 1070 3272 eruptionis
1098 3190 1260 3250 cutoneae

179 3341 336 3410 nunquam
363 3291 490 3392 omnino
505 3331 509 3338 '
524 3321 644 3388 lronrini
670 3323 785 3410 cuique
813 3318 856 3406 acl
882 3321 965 3388 artis
990 3325 1175 3414 praecepta
1198 3335 1258 3385 re·

179 3464 301 3524 vocato
327 3465 440 3545 potest
466 3460 636 3546 sulficere,
666 3458 728 3524 scd
748 3477 832 3551 opus
862 3458 892 3523 ei
912 3461 966 3523 cst
990 3455 1084 3523 animi
1107 3455 1258 3543 solertia,

86 3595 92 3600 ’
179 3601 272 3667 oculo
300 3606 334 3667 et
357 3619 453 3666 manu
479 3599 566 3665 bene
584 3597 727 3685 munitis,
755 3601 791 3660 ut
815 3593 910 3661 tinem
929 3591 1144 3681 quaesitionis
1162 3610 1259 3680 quem

178 3736 239 3802 sint
263 3735 435 3828 proposuit
458 3733 633 3802 veritatem
659 3735 891 3820 consequatur.
919 3766 969 3780 —
1018 3729 1096 3795 Non
1120 3746 1259 3822 possum

178 3873 250 3941 lruic
280 3873 380 3961 capiti
412 3873 533 3940 exitum
565 3869 712 3958 orlrlere,
746 3875 781 3935 ut
813 3867 1010 3936 mentionem
1040 3881 1105 3931 non
1140 3865 1258 3932 saciaru
1338 3869 1344 3884 ·

178 4009 304 4078 scabiei
333 4027 440 4076 verae
475 4008 517 4078 ab
550 4007 733 4076 irritatione
756 4007 852 4080 vcutis
885 4003 1085 4074 secundaria
1117 4007 1258 4074 maxime

179 4143 444 4234 distinguendae,
474 4161 559 4233 qnae
583 4149 710 4232 tamen,
735 4143 766 4208 si
795 4142 866 4232 quis
892 4141 1038 4212 scabiem
1060 4143 1259 4230 praesertim

180 4279 299 4349 diutius
330 4279 484 4348 methodo
527 4277 691 4346 trictionis
734 4278 950 4365 tractaverit,
990 4276 1089 4346 facile
1122 4277 1258 4347 oriatur.

180 4415 275 4504 Quae
301 4417 430 4514 scriptio
448 4415 647 4487 secundaria
664 4415 832 4486 vesiculas
857 4415 993 4485 exhibet
1014 4413 1133 4516 halone
1158 4431 1258 4484 roseo
1353 4435 1356 4440 ·

1009 4529 1054 4592 3*
