3196 5224
616 443 908 572 -aa-·

202 695 389 768 troversins
422 700 603 789 excitaret,
641 701 770 770 scilicet
802 700 979 772 discrimen
1013 705 1099 773 inter
1133 705 1280 774 scabiem

201 837 338 905 localem
385 842 418 903 et
462 837 771 906 constitutiouulem.
840 837 1049 928 Exautbema
1092 841 1280 911 scabiosum

201 972 337 1042 morbus
364 979 417 1040 est
442 977 621 1064 catanens,
648 971 791 1060 ideoque
815 973 890 1043 nibil
914 977 1065 1065 interest,
1092 997 1155 1064 quo
1184 979 1279 1047 modo

202 1111 345 1178 oriatm:
372 1127 467 1196 quum
491 1127 576 1176 vero
605 1126 647 1176 ea
673 1107 837 1177 distinctio
857 1111 999 1196 genesin
1025 1112 1151 1180 scabiei
1175 1133 1279 1202 spec-

201 1254 269 1336 tet,
300 1247 458 1334 judicium
490 1244 567 1315 iden
594 1245 627 1314 in
652 1263 747 1314 unam
772 1232 956 1316 alteramve
981 1253 1279 1341 partemuecerse

201 1391 256 1453 est
275 1385 426 1470 inclinet,
450 1385 584 1452 tertium
609 1401 674 1452 non
698 1382 814 1452 datura
847 1389 903 1450 aut
929 1385 1014 1452 enim
1039 1386 1229 1474 contagium,
1248 1390 1280 1454 iu

200 1538 324 1613 corpus
356 1520 536 1613 recipitur,
571 1520 670 1607 idque
706 1521 747 1588 ab
781 1521 855 1591 aliis
891 1525 1054 1608 contagiis
1084 1530 1206 1592 tauwm
1238 1543 1278 1592 eo

201 1654 329 1746 differt,
358 1655 445 1744 qnod
471 1662 527 1726 est
549 1658 667 1726 animal
692 1659 823 1746 vivum,
856 1676 896 1727 ac
927 1679 989 1727 nos
1016 1660 1171 1728 intectum
1197 1679 1277 1728 esse
1320 1629 1324 1640 ⁵

199 1797 390 1880 sanguinem
416 1795 600 1882 statuimus,
629 1813 673 1862 ex
700 1814 764 1882 quo
791 1795 927 1864 scabies
951 1797 984 1863 in
1009 1802 1086 1863 cute
1114 1794 1299 1888 pendeat,

205 1968 243 1984 -
273 1937 330 1997 aut
349 1930 557 1998 ·exantbema
591 1931 781 2000 scabiosam
813 1951 856 2000 ex
889 1934 963 2020 ipso
996 1933 1061 2002 ictu
1094 1942 1197 2002 ortuum
1225 1941 1280 2002 est

199 2072 289 2140 aeari
322 2071 354 2136 in
383 2075 492 2138 cutem
516 2071 724 2156 penetrantis
747 2070 779 2136 in
805 2085 912 2156 eaque
937 2072 1113 2158 morantis,
1146 2087 1186 2137 ae
1211 2089 1277 2154 ge-

198 2209 292 2274 nesin
325 2207 497 2274 statuimus
530 2207 667 2293 proprie
697 2205 851 2294 localem,
894 2165 1016 2290 genesi
1048 2207 1184 2274 similem
1212 2209 1278 2274 ictu

199 2345 274 2438 apis
312 2347 466 2412 euectae.
524 2340 596 2412 sed
629 2343 713 2409 baec
744 2343 849 2409 locum
879 2341 1000 2408 babent
1031 2343 1063 2408 iu
1094 2343 1202 2429 capite
1234 2340 1277 2408 de

200 2480 376 2572 aetiologia
403 2479 574 2568 inscripto.

303 2614 461 2710 Campum
491 2615 588 2682 multo
621 2614 811 2708 ampliorem
843 2613 1088 2684 observationis
1115 2610 1277 2681 eruditio-

202 2754 249 2820 ris
275 2752 480 2845 complicatio
505 2751 647 2838 praebet
674 2750 800 2818 scabiei
826 2769 897 2816 cum
923 2707 1097 2816 cacbeuia.¹
1145 2748 1277 2836 Explo-

198 2895 302 2956 ratum
337 2886 466 2974 quidem
490 2885 597 2952 adbuc
620 2902 684 2951 uon
712 2890 782 2972 est,
821 2885 1013 2972 quibusnam
1046 2886 1149 2952 certis
1174 2887 1278 2978 morbi

199 3025 313 3090 sorruis
342 3040 460 3089 nomen
482 3019 709 3109 imponendum
733 3022 778 3088 sit
801 3023 989 3112 cachexiis,
1017 3030 1052 3090 at
1077 3024 1141 3090 luae
1166 3013 1277 3114 ntique

197 3160 351 3228 videatur·
377 3177 479 3248 esse,
516 3177 652 3246 quarum
680 3163 798 3228 natura
824 3160 1002 3228 mutatione
1026 3159 1189 3226 substrati
1215 3179 1276 3226 cu·
1302 3226 1306 3236 ,

190 3296 325 3383 jusdam
350 3296 481 3383 vitulis,
510 3297 531 3362 i.
562 3313 592 3364 e.
620 3296 791 3380 sauguinis
817 3293 1198 3389 pathologico-cbemica
1222 3295 1275 3360 ui·

195 3437 295 3516 titur,
328 3451 371 3498 cx
396 3449 460 3518 qua
487 3431 682 3498 abiectiones
707 3430 883 3497 morbosae
907 3436 1113 3496 secretorum
1138 3449 1182 3498 ac
1203 3431 1276 3496 sor-

194 3571 368 3638 arationam
396 3583 569 3649 novarum,
595 3567 712 3652 quales
738 3565 978 3650 significatione
1004 3567 1196 3648 longissima
1221 3569 1274 3632 iu-

194 3709 378 3796 tcllexeris,
404 3704 666 3794 proficiscuntur.
718 3703 783 3770 llis
808 3703 930 3770 morbis
954 3703 1089 3772 scabies
1108 3722 1276 3790 persaepe

194 3846 421 3934 conjungitur,
459 3863 524 3934 qua
562 3849 636 3910 orla
667 3842 915 3936 complicatione
951 3841 1117 3926 plurimum
1149 3841 1275 3908 formae

194 3985 357 4067 genuinae
381 3985 509 4052 amittit.
567 3981 663 4067 Quae
695 3999 754 4048 res
788 3977 994 4073 perdifficilis
1029 3996 1143 4071 parum
1170 3977 1277 4044 adbuc

196 4122 359 4206 explicata
392 4125 446 4186 est
479 4125 514 4186 et
548 4119 732 4206 illustrata,
765 4123 801 4182 ut
834 4113 985 4202 equidem
1017 4113 1113 4182 modo
1146 4116 1275 4182 valeam

195 4252 354 4344 quasdam
379 4272 550 4349 exponere
576 4254 856 4343 complicationes,
881 4272 967 4342 quau
991 4252 1195 4320 creberrime
1213 4252 1275 4320 surb

198 4389 392 4480 adspectum
416 4389 547 4460 cadunt,
