3196 5224
725 515 976 588 ..40-

319 708 400 772 lledi
430 711 532 776 nrissa
561 735 590 777 a.
614 717 694 777 1683
724 711 907 798 divulgavit
942 729 975 777 et
1010 713 1138 778 hanni
1171 716 1204 776 in
1235 713 1389 776 Latinum

315 813 501 860 sermonem
541 797 716 879 venitm).
770 798 836 861 Sed
870 819 965 881 quum
1000 799 1236 874 instrumente,
1274 795 1391 880 quibus

316 892 430 958 oculus
452 897 486 957 in
516 894 721 977 explorando
745 896 974 981 adjuvaretur,
1007 894 1073 960 illis
1100 895 1303 978 temporibus
1333 897 1391 958 ad·

209 1079 215 1091 .
314 993 446 1058 modum
470 995 661 1077 imperfecta
692 1011 820 1076 essent,
849 993 923 1059 fieri
947 1017 1011 1060 uon
1035 997 1158 1078 potuit,
1191 996 1390 1078 quinetiam

316 1095 461 1177 cognitio
477 1094 576 1179 hujus
592 1098 639 1159 rei
656 1095 944 1160 observationibus
962 1095 1208 1176 microscopicis
1225 1091 1390 1158 fulcienda

314 1197 431 1258 mancd
455 1209 551 1279 atque
574 1199 699 1260 incerta
718 1209 818 1273 esset,
842 1209 875 1256 et
897 1197 1002 1280 tnagis
1025 1208 1149 1258 tantum
1172 1195 1204 1257 in
1230 1193 1392 1277 hypothe-

316 1292 407 1356 sibus
428 1307 461 1356 et
487 1293 754 1360 conclusionibus
777 1315 795 1355 e
817 1295 1009 1376 praemissis
1032 1315 1145 1376 parum
1168 1296 1267 1357 certis
1290 1296 1392 1357 dedu·

315 1395 376 1458 ctis
399 1397 632 1459 contineretur.
678 1392 834 1476 'l'empori
859 1395 1054 1472 recentiori,
1079 1395 1163 1477 qood
1189 1415 1253 1457 non
1277 1397 1391 1458 imme·

314 1495 379 1558 rito
402 1493 586 1559 technicum
612 1491 803 1576 appellatur,
824 1509 1026 1558 reservatum
1050 1508 1132 1572 erat,
1156 1508 1190 1556 nt
1212 1495 1310 1556 ctiam
1334 1515 1393 1575 per

315 1592 402 1658 hunc
431 1616 579 1676 eampum
612 1595 719 1658 adhuc
748 1595 854 1679 magis
884 1595 1035 1657 minusve
1068 1592 1213 1658 tenebris
1240 1593 1390 1658 obrutum

314 1695 466 1757 veritatis
496 1691 603 1758 lucem
630 1709 809 1778 spargeret.
854 1691 961 1757 l‘allas
993 1695 1042 1772 (a.
1061 1695 1172 1772 1760),
1206 1693 1392 1776 Linnd‘¹),

316 1793 356 1854 de
380 1791 549 1874 Geer‘2),
573 1793 773 1859 Wicbmaun
788 1796 839 1875 ⁶³)
870 1797 910 1875 (†
926 1814 954 1856 a.
972 1795 1088 1878 1802),
1112 1791 1298 1874 Osiander,
1325 1793 1391 1856 La·

315 1889 422 1954 treille
445 1895 591 1958 maximo
615 1895 723 1959 studio
746 1909 927 1964 etsummo
949 1895 1084 1976 ingenio
1108 1907 1243 1958 naturae
1266 1894 1390 1958 scabiei

317 1995 567 2077 cognoscendae
592 2016 724 2078 operam
748 1994 920 2072 dederunt,
941 2007 974 2055 et
996 1991 1103 2057 Linnd
1118 2015 1249 2058 acerum
1266 1993 1391 2059 scabiei

316 2091 488 2158 salientem
513 2094 556 2157 ita
584 2095 766 2172 adamavit,
796 2107 831 2155 ut
858 2095 890 2155 in
915 2114 1014 2174 opere
1037 2115 1097 2157 suo
1124 2093 1280 2172 „Genera
1303 2117 1389 2158 ruor-

317 2195 462 2257 borum“
488 2191 899 2276 Upsalae·a.1763edito
927 2190 1093 2257 affirmare
1118 2215 1183 2257 non
1208 2193 1390 2272 dubitaret,

315 2291 416 2357 multu
437 2293 685 2372 exanthemata,
711 2293 825 2356 tussim
849 2291 1074 2358 convulsivam
1092 2307 1124 2358 ct
1139 2309 1263 2376 pestem
1281 2296 1391 2357 oricn·

315 2391 414 2456 talem
438 2391 501 2456 hoc
524 2391 721 2458 animalcula
744 2393 934 2472 provocari;
958 2415 1062 2478 neque
1083 2417 1165 2458 nero
1188 2393 1243 2458 ille
1260 2416 1389 2457 acorum

313 2494 443 2556 farinae
469 2491 509 2556 ab
541 2514 638 2556 acero
665 2491 809 2555 humano
841 2493 1006 2580 distinxit.
1060 2494 1164 2558 l’lenlr
1197 2517 1326 2558 aearum
1356 2497 1388 2558 in

315 2592 427 2657 scabie
460 2595 604 2670 invenit,
642 2613 737 2675 qnam
772 2589 968 2674 peculiarem
1003 2593 1126 2660 scabiei
1162 2594 1299 2658 formam
1334 2592 1389 2657 ille

315 2695 459 2760 scabiem
497 2694 718 2757 verminosam
755 2695 1030 2777 nuncupavit“).
1088 2668 1205 2772 Gale,
1243 2695 1389 2758 medicus

396 2882 450 2959 50)
493 2877 554 2942 Hic
581 2881 626 2942 vir
654 2882 763 2965 repetit
783 2904 800 2942 o
823 2881 925 2943 lexico
948 2879 1126 2942 Academiae
1154 2883 1235 2944 della
1260 2879 1389 2957 Graeca,

314 2967 497 3044 teredinem,
527 2985 585 3045 qua
612 2967 692 3026 cutis
720 2967 873 3026 bominum
896 2967 996 3025 scabie
1021 2965 1193 3026 affectorum
1215 2967 1390 3047 obtegatur,

314 3049 507 3111 animalculis
527 3057 674 3125 constare,
696 3059 784 3130 atque
806 3050 892 3110 allent
912 3049 1105 3126 seutentiam,
1128 3069 1215 3130 quam
1239 3045 1390 3131 Joeeplrus

312 3132 496 3194 Laurentius
524 3133 556 3192 in
579 3131 736 3194 Amalthea
763 3153 816 3192 aua
841 3133 1017 3214 proposuit,
1046 3152 1164 3192 aearum
1192 3133 1256 3193 sive
1279 3133 1387 3194 teredi-

311 3239 381 3281 nem
410 3238 476 3278 esse
502 3215 698 3278 vermiculum
722 3217 949 3280 subcutaneum.
994 3213 1119 3276 Cestoni
1142 3226 1240 3276 narrat
1264 3237 1296 3276 se
1325 3215 1390 3276 aui·

313 3302 524 3376 madvertisse,
556 3299 698 3360 mulieres
726 3309 831 3360 ecute
856 3299 1017 3360 liberorum
1040 3318 1161 3359 suorum
1181 3299 1281 3360 scabie
1302 3299 1390 3360 allec·

314 3396 412 3447 torum
440 3385 525 3467 apice
553 3403 625 3444 aens
653 3383 769 3466 aliquid
796 3383 971 3456 extrahere,
1006 3383 1085 3463 qnod
1120 3383 1200 3442 inter
1227 3383 1388 3464 digitorum

312 3465 1040 3613 ¹¹”tt‘ttltssilb'‘litt‘tlt'tbti
1057 3464 1390 3630 illutibilis

311 3575 364 3614 ren
395 3575 410 3612 s
1216 3589 1224 3608 .

312 3645 478 3698 commotus
500 3635 555 3694 ille
577 3633 722 3711 liquorem
755 3635 786 3694 in
816 3633 929 3693 scabiei
958 3631 1102 3693 vesicolis
1130 3641 1231 3694 crusta
1258 3634 1388 3693 nundum

313 3721 402 3781 tectis
424 3716 599 3800 disquisivit
621 3726 652 3776 et
677 3715 887 3798 miscruscopii
910 3715 1029 3776 auxilio
1052 3713 1266 3776 animalculum
1289 3715 1389 3776 vivum

313 3803 441 3879 invenit,
464 3815 552 3882 atque
573 3801 647 3860 adea
670 3800 815 3874 affirmat,
844 3819 876 3858 se
904 3797 981 3858 illud
1012 3799 1110 3880 capite
1135 3809 1224 3858 acuto
1247 3799 1303 3858 sub
1326 3797 1389 3881 epi·

313 3887 473 3948 dormidem
496 3885 658 3964 subrepens
680 3893 710 3943 et
732 3902 820 3943 orum
840 3882 961 3964 pariens
982 3881 1105 3940 vidisse.
1199 3897 1209 3910 ‘

394 3983 449 4066 51)
492 3981 712 4045 Exautbemata
733 3981 799 4042 viva
821 3981 912 4056 1757,
936 3987 965 4042 et
980 3979 1133 4042 Amoenit.
1157 3982 1242 4042 acad.
1286 3975 1388 4044 Hulm.

312 4066 406 4131 1760.
452 4063 508 4129 lll.
530 4087 561 4148 p.
586 4065 659 4141 333,
685 4055 727 4127 V.
772 4087 802 4148 p.
823 4064 874 4128 95.

347 4223 349 4227 ,
395 4166 448 4310 52)
491 4163 655 4228 llemoires
693 4185 771 4247 poor
799 4164 938 4226 servirb
973 4163 1121 4225 l’bietoire
1164 4164 1217 4226 des
1245 4165 1386 4226 innectes.

279 4255 281 4262 '
312 4247 353 4314 T.
375 4245 452 4312 Vl.
476 4251 569 4314 1778.
613 4251 728 4331 (imago
753 4249 900 4310 laudanda
921 4247 994 4322 est.)

393 4349 449 4425 53)
490 4347 665 4432 Aetlolugie
690 4350 742 4410 der
763 4343 887 4422 Kritze.
931 4343 1093 4409 Hanuover
1114 4343 1209 4412 1786.

394 4449 448 4530 54)
490 4449 514 4510 1.
535 4447 559 4514 l.
601 4467 633 4530 p.
656 4448 708 4512 42.
1213 4457 1215 4462 ’
