3196 5224
594 506 847 582 ...sn-

152 699 414 782 probabilitate
437 715 546 778 caret3
568 703 782 770 nibilominus
800 706 898 769 etium
915 703 1155 769 recentioribus
1178 713 1263 804 tem-⁸

155 798 474 882 postponemus,
506 803 674 884 professor
706 805 908 886 Lipsiensis,
946 805 1030 868 banc
1058 801 1259 887 hypothesin

155 901 329 964 defendit
347 906 410 982 '⁰).
423 901 625 994 -lscabiem
640 924 714 968 esse
726 917 910 986 symptoma
922 904 1113 987 dyscrasiae
1124 904 1260 986 sangui·

53 1057 58 1066 .
156 1003 238 1078 nis,
267 998 398 1082 plurimi
422 1017 639 1076 censueruutr
665 1002 872 1082 Auteurietb,
887 1001 1121 1080 Habuemano,
1144 1001 1258 1067 llrem·

158 1123 240 1178 ser,
257 1101 451 1166 nouissimis
464 1102 665 1184 temporibus
677 1103 775 1166 etiam
786 1103 955 1186 Desergie
966 1107 1028 1183 Ἰ),
1040 1103 1187 1167 medicus
1199 1121 1259 1166 no·

158 1202 319 1264 encomii
336 1201 385 1264 Sti
403 1202 577 1279 Lndovici,
598 1197 795 1282 peculiarem
812 1203 1028 1286 dyscrasiam,
1050 1223 1113 1286 qna
1128 1201 1259 1266 scabies

161 1300 387 1379 el'llceretus,
411 1315 612 1380 statuerunt,
636 1301 693 1364 sed
718 1303 905 1384 contagium
929 1303 1058 1380 vivum,
1088 1323 1152 1386 quo
1174 1298 1258 1365 baec

161 1402 350 1484 dysorasio
368 1401 612 1482 produceretur,
636 1415 852 1485 negauerunt,
878 1415 911 1465 et
926 1403 1036 1484 potius
1052 1401 1257 1484 dyscrusiam

164 1500 308 1564 arrrrilio
331 1500 484 1582 lymphae
503 1501 537 1564 iu
554 1499 710 1564 vesiculis
734 1499 786 1564 vel
804 1499 934 1583 pustilis
957 1501 1080 1566 scubiei
1097 1501 1258 1566 formatae
1315 1573 1321 1588 ³

164 1621 215 1665 ex
245 1601 380 1665 heroine
395 1603 428 1664 iu
453 1600 619 1665 bominem
644 1601 816 1665 transferri
844 1603 968 1684 opinati
986 1613 1072 1666 sunt.
1117 1599 1184 1665 Alii
1204 1621 1256 1665 ar·-

165 1701 289 1764 bitrati
312 1715 404 1780 suut,
438 1699 521 1764 alias
551 1701 739 1784 dyscrasias
768 1703 801 1764 iu
832 1701 938 1766 forma
965 1687 1092 1778 scabiei
1122 1701 1155 1763 in
1183 1715 1258 1765 cute

167 1821 357 1884 apparere,
378 1823 410 1867 v.
434 1823 462 1864 c.
483 1799 733 1881 scrophulosiu,
762 1799 937 1883 sybilidem
954 1806 1024 1881 ⁸²),
1057 1799 1257 1866 scorbutum.

169 1899 287 1975 Quum
314 1923 393 1964 vero
417 1901 562 1985 ignorari
587 1921 650 1963 nou
677 1915 806 1981 posset,
828 1899 1036 1964 incommoda
1060 1901 1161 1964 totius
1184 1921 1257 1965 eor·

168 2003 270 2083 poris
295 1997 517 2064 ualetudinem
543 1997 723 2064 alstcieutia
758 2001 929 2082 eruptione
951 1998 1076 2063 scabiei
1099 2001 1202 2062 minui
1224 2013 1257 2063 et

170 2101 261 2164 adeo
286 2103 419 2164 omnino
443 2098 524 2179 tolli,
549 2101 635 2163 inter
651 2099 851 2163 oxoutberrra
875 2114 908 2163 et
923 2098 1072 2163 morbum
1094 2099 1255 2163 minutum

172 2221 253 2264 eom
276 2221 463 2264 connexum
488 2220 562 2264 esse
585 2199 711 2280 opinati
733 2213 819 2278 suut,
843 2213 878 2262 ut
899 2199 1029 2263 scabies
1051 2199 1167 2263 critica
1187 2201 1255 2262 sta·

172 2312 335 2378 tueretur,
359 2321 454 2383 quam
478 2299 654 2393 praecipue
671 2318 773 2362 veruo
798 2312 944 2381 ternpore
966 2319 1124 2382 apparere
1148 2299 1253 2363 credi·

173 2401 306 2464 derunt.
357 2397 446 2462 Selle
477 2399 556 2461 dicit
586 2399 671 2462 hunc
697 2399 835 2463 formum
855 2399 1001 2462 criticam
1028 2419 1136 2464 raram
1159 2419 1253 2476 esse,
1335 2475 1338 2480 1

171 2502 207 2564 iu
226 2501 344 2564 eastris
361 2500 451 2577 oriri,
474 2498 558 2562 adeo
573 2495 664 2560 lebre
681 2498 807 2579 stipari,
833 2511 929 2583 utque
945 2499 1106 2580 imprimis
1131 2499 1250 2580 raphu·

175 2603 264 2664 niam
280 2605 352 2678 η),
383 2598 493 2663 lebres
517 2599 771 2661 intermittentes
794 2613 827 2662 et
849 2596 1099 2664 melancholiam
1123 2599 1253 2661 exstin-

175 2801 324 2882 opiuioui
346 2795 605 2879 adstipulantur,
636 2796 914 2879 Leubuscheru)
947 2798 1030 2862 adeo
1056 2819 1093 2862 se
1125 2799 1251 2862 vidisse

174 2899 319 2964 affirmat
339 2896 483 2962 scabiem
499 2896 604 2960 luisse
626 2897 772 2961 criticam
790 2898 822 2960 irr
846 2897 970 2962 morbis
993 2899 1106 2962 animi.
1150 2897 1252 2980 Prop-

174 3015 225 3065 ter
248 2999 333 3063 hauc
350 2998 537 3080 opinionem
555 2993 659 3060 altero
681 2995 782 3060 seculi
806 2999 974 3078 praeteriti
997 2999 1132 3062 dimidio
1148 2999 1251 3063 inter·

175 3102 250 3164 dum
273 3098 446 3164 consilium
468 3097 575 3159 datum
601 3109 669 3173 est,
693 3111 727 3159 nt
749 3097 878 3161 scabies
899 3099 939 3162 ud
964 3118 1082 3180 corpus
1105 3120 1124 3162 n
1147 3099 1250 3162 variis

175 3199 298 3265 morbis
320 3199 474 3263 tuendum
499 3197 748 3280 inseretur’‘),
781 3211 879 3280 atque
912 3217 957 3261 ex
985 3197 1099 3261 eadem
1129 3195 1251 3278 prodiit

175 3313 279 3364 metus
304 3297 429 3363 scabiei
451 3295 601 3378 repulsae
623 3297 695 3359 sive
718 3297 895 3379 unguentis
918 3316 1134 3378 suppressae,
1166 3314 1248 3383 quae

175 3400 303 3482 quidem
327 3395 470 3479 repulsio
493 3416 572 3458 vere
596 3391 670 3459 lieri
686 3408 795 3477 potest
816 3395 874 3457 sed
898 3392 983 3460 lnlso
1004 3393 1245 3494 explicabatur.

253 3589 309 3672 90)
352 3585 510 3652 Scbworts
532 3588 568 3648 de
588 3593 724 3668 samupte
745 3583 896 3662 bominls3
914 3584 993 3662 diss.
1009 3583 1113 3666 inaug.
1156 3577 1246 3664 Ltpr.

174 3672 266 3740 1837.
309 3695 341 3756 p.
364 3669 499 3736 19-26.

253 3759 309 3855 91)
352 3771 479 3833 Gazette
502 3771 554 3832 des
577 3769 740 3853 hripitsux.
769 3769 862 3834 1817.
893 3769 940 3834 tu
962 3763 1054 3832 Mars.

253 3873 308 3947 92)
348 3869 437 3936 Selle
456 3871 480 3936 l.
502 3871 527 3932 l.
569 3892 603 3953 p.
626 3869 700 3935 246.

252 3973 308 4055 93)
349 3971 420 4035 1.1.
449 3971 579 4054 patr.

252 4073 311 4148 91)
351 4069 452 4135 Ueber
464 4069 725 4134 Recunvnlesesns
740 4071 792 4131 des
809 4065 1013 4146 wstustnur,
1034 4066 1090 4130 in:
1112 4063 1246 4152 Allgetrt.

174 4153 355 4222 Zsitsolrrllt
374 4157 421 4218 lirr
441 4153 643 4237 Psychistrie.
686 4151 771 4216 Berl.
798 4153 891 4223 tntu
932 4151 1007 4216 vot.
1023 4149 1081 4214 lll.
1118 4153 1194 4215 isse.
1217 4154 1247 4212 1.

253 4255 309 4340 95)
351 4253 401 4322 (ll.
429 4275 457 4316 v.
486 4273 513 4318 e.
535 4251 721 4330 Cemmerer,
756 4253 829 4318 diss.
858 4253 894 4314 ds
926 4251 1060 4316 efficacis
1088 4249 1246 4314 insitionis

175 4339 285 4403 scabiei
315 4341 349 4404 lu
377 4339 563 4422 gravioribus
590 4337 767 4423 quibusdam
789 4335 901 4400 morbis
921 4335 1072 4400 chronicis
1092 4333 1244 4424 curandis.

172 4421 307 4514 Tulliae
331 4425 425 4490 ssede
1055 4503 1074 4562 ⁴
1211 4479 1221 4492 ..
