3196 5224
752 499 973 570 ..3.-

321 701 489 774 credendo
514 711 580 771 est.
624 701 719 788 Quod
747 706 777 770 si
802 705 901 793 soret,
927 706 1019 771 nicus
1045 721 1176 804 quoqne
1200 703 1400 787 scabiosum,

319 840 590 931 quomadmodum
615 839 708 910 Seite
736 842 806 925 jon
841 839 1056 906 contendisse
1092 839 1242 906 novimus
1256 831 1309 933 7),
1341 857 1401 932 pro

321 981 463 1066 genuina
495 979 619 1048 scabiei
657 979 764 1044 torono
801 975 985 1042 trahendum
1022 947 1128 1041 esset.
1195 973 1403 1043 Sententiam

320 1115 418 1184 modo
444 1117 564 1184 nitntnc
591 1116 728 1182 similem
756 1113 854 1179 ctiam
873 1099 968 1178 Klein
988 1103 1252 1213 ξιιιιςιιιάἰιιεῧ)
1271 1109 1403 1179 videtur

322 1253 494 1339 ampiexus
529 1251 655 1338 tuisse,
689 1251 765 1336 qni,
799 1270 894 1337 quum
926 1249 1072 1315 scabiem
1107 1250 1311 1342 pustulosono
1344 1267 1404 1340 pro

321 1391 489 1457 verietate
518 1385 659 1475 quodam
687 1389 854 1479 proprium
882 1405 994 1452 curonn
1021 1387 1253 1473 expostntante
1272 1386 1404 1476 toneat,

322 1526 408 1594 itanc
434 1525 553 1593 saitem
582 1541 647 1589 non
677 1520 793 1588 eodem
820 1540 882 1609 quo
916 1529 1050 1588 reterns
1078 1515 1194 1590 o'rolinc
1223 1522 1406 1609 ponendam

322 1662 502 1730 censuerit.
556 1659 682 1727 caten
714 1661 904 1747 sententio,
938 1660 988 1724 eui
1022 1653 1241 1754 Eichstcdt⁹)
1276 1677 1405 1748 quoqne

322 1799 455 1868 videtur
478 1797 629 1906 addictus
655 1815 748 1884 esse,
774 1796 921 1888 copiosis
949 1796 1240 1862 observationibus
1264 1795 1306 1862 ab
1330 1773 1406 1862 tic-⁴

323 1929 442 2031 irro¹⁰)
472 1938 670 2031 praesertim
697 1937 730 2001 in
755 1933 935 2000 hominibus
961 1951 1095 2020 qnornrn
1119 1932 1314 2018 superiores
1341 1951 1405 1999 cx·

324 2073 512 2142 trcnritotcs
539 2073 688 2160 porniysi
714 2077 893 2163 correptae
918 2075 1014 2134 ernnt
1038 2069 1194 2136 institutis
1220 2070 1303 2136 satis
1322 2086 1405 2134 eon·

324 2209 473 2277 firmatur
497 2218 597 2299 etque
622 2211 745 2280 certior
768 2206 927 2275 redditur.
947 2243 996 2258 -
1016 2207 1141 2294 i‘aputn
1160 2206 1315 2275 scabioso
1333 2205 1406 2270 bosi

324 2345 452 2416 modice
483 2347 721 2428 intcmrnntoe,
756 2344 851 2428 enjus
886 2343 1066 2410 diametros
1103 2343 1146 2434 t}
1170 2342 1225 2408 voi
1254 2330 1308 2407 itm
1331 2345 1404 2427 est,

325 2481 460 2571 insidet,
486 2500 550 2569 qno
575 2482 606 2546 in
632 2480 766 2566 areola,
790 2497 885 2565 qnunn
910 2480 941 2544 in
964 2478 1084 2546 vicinio
1108 2481 1183 2563 ejus
1209 2496 1297 2545 novo
1323 2497 1405 2544 orco

325 2635 478 2706 novoque
505 2618 627 2711 populo
652 2619 822 2703 noscetur,
849 2615 935 2681 nuttn
962 2616 1098 2702 orontius
1124 2616 1241 2702 populo
1262 2615 1403 2682 exsistit.

325 2757 412 2822 Post
439 2759 577 2820 mortem
605 2749 818 2842 epidermidis
845 2752 916 2820 ioco
940 2750 1029 2818 edito
1054 2751 1169 2819 scobic
1194 2757 1314 2820 effecto
1333 2755 1405 2819 cot-

325 2893 424 2981 topso
452 2906 533 2956 csse
557 2893 734 2956 cernuntur
750 2882 798 2983 ¹¹)
812 2939 821 2978 ,
855 2909 938 2977 qnos
962 2893 1157 2959 nutationes
1183 2889 1298 2961 scabie
1324 2910 1405 2977 pro·

325 3031 467 3096 vocotos
496 3045 600 3115 nuper
624 3029 657 3094 in
683 3027 904 3096 cadaveribus
927 3030 1144 3112 investigavit
1161 3031 1200 3096 ct.
1220 3027 1405 3099 Eiehstedt.

331 3199 371 3216 -·
402 3160 580 3230 Conicutus
605 3163 793 3252 scabiosus,
821 3165 850 3230 si
877 3163 1006 3252 quiden
1033 3164 1172 3232 nondum
1199 3165 1253 3232 din
1282 3173 1404 3250 exstat,

326 3299 474 3392 speciem
501 3303 598 3368 offert
622 3301 741 3385 tinette,
769 3302 888 3369 teniter
913 3305 1118 3390 incurvatae,
1145 3303 1405 3388 nnntntnmedi-

326 3441 405 3524 toc,
439 3434 555 3522 cibidi,
591 3438 822 3521 griseo-ssovi
854 3440 911 3505 vei
939 3437 1087 3524 ejusdem
1116 3445 1214 3527 atquc
1239 3439 1324 3505 entis
1353 3444 1408 3505 cst

407 3819 440 3892 7)
484 3815 596 3879 Medic.
621 3817 745 3883 clinico.
766 3819 817 3880 'ite
841 3815 922 3878 nun.
966 3815 1049 3880 Beni.
1073 3814 1167 3878 1797.
1209 3815 1336 3896 11215.

407 3917 441 3993 8)
485 3914 658 3980 Wolthcr’e
681 3939 712 3979 n.
736 3913 1011 3980 Genese'rJonrnol
1034 3918 1055 3979 f.
1072 3913 1157 3979 Chir.
1181 3937 1211 3976 ιι.
1229 3915 1405 3999 Angenhik.

327 4013 384 4080 Bc.
407 4017 455 4079 24.
499 4039 532 4099 p.
555 4021 628 4081 478.

409 4115 445 4192 9)
485 4115 637 4201 Froriop’c
660 4115 790 4180 Notizen
814 4116 906 4181 1846.
951 4115 1005 4180 Bo.
1027 4115 1079 4180 39.
1122 4137 1153 4198 p.
1176 4113 1250 4178 268.

411 4218 465 4298 10)
509 4215 610 4280 Oettr.
630 4215 754 4280 Jahrnn.
779 4220 873 4280 1844.
918 4216 1019 4294 Mirr,
1046 4215 1150 4298 April,
1173 4211 1249 4276 Mar.

410 4317 464 4395 11)
486 4315 616 4394 ttinere,
638 4316 763 4380 Berchr.
787 4337 819 4378 ιι.
842 4315 922 4383 ΛΙιΙι.
945 4321 997 4380 der
1017 4313 1313 4396 Hnutkrnnkheiten,
1339 4315 1404 4376 nos.
1452 4371 1455 4377 2

330 4412 637 4506 v.t1nttn.lfl.l.
680 4438 713 4498 p.
733 4417 785 4482 33.
