3196 5224
414 584 514 651 vatim
539 580 745 671 congregata
770 595 956 654 cernuntur.
998 586 1126 656 Eadem
1146 590 1177 654 in
1196 593 1333 678 pectore
1352 607 1490 677 quoque,

301 784 304 805 p
415 719 517 788 dorso
551 728 651 810 alque
684 722 857 792 abdomine
890 744 1116 811 nonnunquam
1148 724 1376 817 inveniuntur3
1420 725 1490 792 dum

411 857 521 942 planta
563 863 597 924 et
636 859 714 927 vola
749 865 849 946 atquo
882 861 1033 946 corporis
1071 867 1186 946 partes
1221 863 1324 945 magis
1363 863 1490 952 pilosae

412 992 541 1059 liberae
566 1014 646 1064 esse
680 998 801 1065 solent.
854 997 1008 1063 Parvulis
1038 997 1132 1064 lrisce
1157 998 1332 1085 rubrisque
1356 1000 1489 1065 maculis

382 1117 467 1196 'vix
504 1132 642 1220 aliquot,
682 1140 859 1225 postquam
900 1136 1116 1225 exstiterunt,
1143 1136 1246 1205 'boris
1284 1139 1488 1205 circumactis

409 1266 518 1334 noduli
544 1269 684 1361 quidam,
711 1291 794 1359 qrras
819 1275 959 1364 papulas
980 1279 1113 1361 vocant,
1139 1272 1293 1357 insident,
1319 1275 1372 1361 qui
1392 1282 1489 1366 prout

408 1410 615 1491 aegrotantis
654 1409 783 1478 babitus
822 1412 1000 1508 universus
1041 1417 1098 1476 aut
1135 1412 1221 1478 culis
1256 1411 1329 1477 loco
1368 1415 1487 1478 affecto

408 1545 597 1611 constitutio
631 1544 769 1612 diversa
798 1550 1004 1639 expostulat,
1036 1546 1132 1615 rnodo
1160 1549 1265 1616 torma
1291 1551 1346 1615 lali
1380 1568 1485 1616 exan-
1547 1603 1548 1606 ,

406 1681 583 1750 thematica
608 1691 759 1774 manent,
795 1685 890 1753 modo
919 1687 951 1751 in
984 1687 1152 1752 vesiculas
1179 1684 1338 1773 quasdam
1364 1694 1398 1752 et
1423 1706 1484 1775 pu-

406 1820 514 1885 stulas
553 1780 684 1889 abeunt.
744 1820 888 1915 Species
928 1839 1021 1909 quarn
1060 1822 1195 1888 scabies
1230 1839 1313 1914 prae
1342 1840 1381 1888 se
1420 1823 1486 1886 lert

404 1957 508 2045 primo
531 1959 695 2054 adspectu
721 1980 878 2026 summam
911 1978 982 2026 curn
1009 1958 1239 2027 exanthemate
1265 1959 1318 2023 illo
1343 1959 1486 2050 praebet

403 2094 655 2187 similitudinem,
681 2095 780 2185 qaod,
807 2098 838 2162 in
863 2096 989 2162 balneis
1015 2096 1156 2182 obvium,
1182 2097 1213 2161 in
1237 2115 1393 2183 aquarum
1420 2095 1482 2162 irc·
1561 2061 1564 2065 ’

401 2233 583 2326 paticacum
608 2252 668 2298 usn
692 2232 894 2299 creberrime
919 2225 1178 2326 observalnr1).
1232 2228 1327 2299 Cutis
1351 2233 1483 2298 affectio

401 2387 528 2436 nervos
557 2370 633 2452 ejus
661 2368 846 2434 sensilivos
872 2336 1024 2459 corripit3
1061 2387 1126 2454 qua
1159 2387 1201 2434 ex
1227 2387 1266 2433 re
1288 2367 1481 2451 injucundus

399 2504 573 2573 admodum
608 2511 642 2573 et
675 2506 871 2572 excrucians
904 2504 1050 2590 pruritris
1084 2521 1208 2569 sensus
1245 2504 1426 2592 enascitur,
1460 2523 1482 2570 a

399 2661 464 2730 qua
494 2641 623 2729 quidem
662 2647 822 2725 aegrotus
854 2641 936 2706 locis
973 2639 1088 2726 quibus
1120 2639 1264 2725 pruritus
1299 2640 1481 2730 percipitur

399 2777 578 2845 scabendis
613 2796 653 2845 se
681 2775 852 2844 vindicare
881 2781 1028 2843 conatur.
1081 2773 1277 2858 Quomodo
1306 2776 1421 2861 parvis
1448 2777 1480 2840 in

396 2918 473 2979 cute
503 2914 729 3000 prominentiis
758 2912 898 2979 divulsis
928 2912 1090 3004 paululum
1120 2913 1290 2995 sanguinis
1318 2931 1359 2978 cx
1383 2911 1480 2978 vasis

395 3050 607 3143 capillaribus
635 3050 785 3117 coetaneis
815 3051 903 3138 exit,
938 3050 1023 3137 quod
1054 3070 1125 3118 curn
1157 3052 1283 3138 liquore
1309 3050 1361 3136 qui
1389 3051 1478 3115 lortc

394 3186 627 3255 exanthemate
661 3188 907 3272 continebatur,
945 3167 1090 3255 crustam
1117 3189 1331 3271 sanguineam
1362 3185 1475 3252 elficit.

392 3325 516 3393 Verum
542 3326 663 3395 accidit
691 3327 789 3394 etiarn
823 3332 857 3392 ut
892 3332 1012 3413 sponte
1040 3327 1127 3417 istac
1155 3307 1327 3391 vesiculae
1354 3328 1475 3418 pustu-

390 3463 508 3551 laeque
534 3463 775 3558 dirumpantur,
810 3484 873 3552 quo
899 3466 988 3536 lacto
1019 3469 1131 3531 crusta
1158 3461 1263 3527 minus
1289 3460 1476 3543 sanguinea

390 3605 578 3690 tantumque
616 3603 767 3670 subflavo
787 3639 806 3653 ·
827 3603 941 3686 griseo
985 3603 1098 3668 colore
1141 3599 1259 3666 imbuta
1301 3597 1474 3664 formatur.

388 3717 576 3808 Universus
607 3741 816 3825 aegrotantis
840 3745 957 3808 ‚status
988 3740 1178 3824 plerumque
1202 3733 1331 3802 nonnisi
1357 3728 1474 3819 parurn

388 3886 531 3949 mutatus
565 3882 732 3970 cernitur,
769 3896 909 3966 namque
943 3875 989 3942 uti
1023 3873 1098 3941 lere
1135 3872 1234 3940 deest
1266 3869 1391 3977 febris,
1425 3869 1473 3934 ita

469 4201 503 4281 l)
546 4199 587 4264 G.
611 4199 819 4286 Girgensobn,
850 4204 878 4265 d.
901 4196 1288 4282 Schwelelwaaserqucllcn
1313 4219 1352 4261 zu
1373 4192 1470 4262 Kenn-
1539 4172 1543 4181 ⁴

386 4318 480 4362 mern.
524 4298 605 4385 llige
626 4305 719 4367 1847.
763 4325 793 4387 p.
818 4302 871 4369 67.
