3196 5224
715 466 966 538 ...42-

307 663 452 746 quodid,
472 684 535 746 quc
552 663 738 746 contagium
758 664 992 742 contineretur,
1014 661 1185 747 unguibus
1197 663 1382 740 eraderent,

306 778 401 846 atque
422 776 594 844 propterea
622 763 659 824 ad
684 760 761 825 iiiud
779 761 896 826 meiius
913 765 1161 846 accuratiusque
1178 782 1382 845 eognoscen-

223 881 225 884 ·
305 864 379 926 dum
403 864 655 942 microscnpiunt
682 863 865 944 etquidem
890 864 1013 944 optimo
1042 883 1199 926 successu
1222 860 1382 924 adhibuit.

306 960 438 1044 Raspail
461 984 591 1026 aearum
614 961 750 1040 scabiei,
777 984 871 1046 quem
888 961 1034 1026 Renucci
1058 977 1235 1045 repererat,
1257 962 1381 1026 descri-

304 1064 369 1144 psit
384 1068 447 1145 ‘'),
471 1061 566 1126 simui
590 1063 830 1126 demonstravit
850 1061 1011 1140 fraudem,
1034 1064 1066 1125 in
1091 1083 1185 1146 quum
1210 1058 1308 1126 Gales
1331 1063 1382 1123 vi·

305 1185 360 1225 ros
385 1164 499 1226 doctos
521 1184 618 1227 aearo
641 1164 764 1226 scabiei
788 1183 848 1224 suo
871 1160 1067 1243 impulisset,
1090 1175 1187 1244 utque
1210 1161 1381 1240 indicavit,

305 1264 576 1347 quemadmodum
604 1267 675 1346 jam
704 1259 894 1346 pathoiogia
917 1276 949 1324 et
975 1261 1123 1342 therapio
1147 1260 1273 1324 scabiei
1293 1282 1394 1335 eom·¹

305 1377 494 1426 mutaretur.
546 1362 583 1426 lu
615 1363 791 1425 Germania
823 1383 950 1445 quoque
983 1361 1142 1425 Stennius
1172 1375 1204 1423 et
1235 1359 1382 1425 Kochier

252 1507 255 1512 -
304 1461 451 1526 Beroiini
474 1483 605 1524 aearum
631 1459 753 1522 scabiei
778 1459 1048 1524 observaverunt.
1086 1461 1198 1544 itaque
1222 1458 1285 1524 hoc
1309 1462 1380 1523 uni·

304 1561 476 1627 rrtaicuium
501 1563 532 1623 iu
558 1575 702 1644 systema
727 1559 932 1645 nociogieurn
956 1557 1177 1624 introductum
1201 1571 1234 1622 et
1256 1581 1274 1621 e
1299 1557 1381 1622 mul·

305 1667 346 1724 tis
375 1665 456 1725 viris
487 1661 593 1723 doctis
626 1662 822 1741 descriptum
856 1660 1071 1740 iconibusque
1099 1672 1378 1742 repraesentatum

259 1825 261 1830 .
304 1777 372 1836 est;
398 1761 439 1824 iis
464 1783 560 1838 vero,
583 1782 665 1843 quae
690 1761 772 1823 ratio
796 1763 839 1823 sit
861 1762 947 1823 inter
969 1759 1046 1822 iilud
1075 1774 1108 1822 et
1129 1759 1252 1823 scabiei
1276 1781 1379 1824 exan-

305 1861 426 1940 tbeme,
449 1883 551 1944 usque
574 1862 613 1922 ad
639 1847 835 1922 hodiernum
858 1860 942 1923 diem
968 1861 1110 1924 nondum
1137 1861 1275 1923 direntta
1297 1873 1357 1922 est.

388 1962 515 2024 scarus
542 1959 740 2024 extricerans
763 1959 926 2043 (hinne),
955 1961 1132 2042 Sarcoptes
1164 1957 1381 2036 exulcerans,

304 2063 430 2124 Acsrus
453 2059 589 2139 scabiei,
617 2059 797 2144 Cbeyletus
821 2057 944 2123 scabiei
962 2058 1141 2142 (Clupea),
1165 2057 1250 2142 Syro
1270 2057 1380 2140 (Mou-

302 2163 376 2245 fet),
399 2183 485 2225 nunc
508 2160 606 2246 vutgo
624 2163 800 2241 Sercoptes
825 2158 969 2223 hominis
993 2161 1180 2224 nominatus
1202 2159 1381 2223 secundum

302 2265 513 2340 sententiam,
529 2283 622 2344 quam
639 2262 750 2346 Dugds
763 2265 813 2344 ὀ)
830 2263 1011 2342 proposuit,
1027 2261 1168 2342 pertinet
1184 2258 1225 2322 ad
1242 2257 1379 2323 classem

305 2360 540 2440 Arucbnidum,
565 2361 681 2424 tribum
701 2362 889 2438 scaritum,
915 2381 1020 2444 genus
1036 2359 1276 2441 Sarcoptarum.
1315 2360 1379 2424 Ge-

303 2483 365 2524 nus
397 2461 629 2543 Sarcoptarum
665 2463 877 2544 distinguitur
910 2459 963 2523 his
993 2462 1115 2545 signis:
1153 2475 1226 2523 octo
1262 2461 1379 2542 pedum

304 2574 443 2643 quatuor
478 2563 661 2623 anteriores
697 2563 848 2641 proxime
879 2582 898 2622 a
932 2558 1000 2622 fine
1030 2562 1195 2623 anteriore
1231 2563 1379 2642 corporis

302 2662 417 2722 inserti
431 2675 529 2740 sunt,
552 2676 689 2744 quotuor
712 2662 913 2741 posteriores
935 2674 1042 2723 autem
1062 2660 1096 2722 in
1112 2657 1179 2723 fine
1195 2663 1379 2741 posteriore

304 2759 459 2840 eoiiocati
478 2759 577 2845 longe
600 2759 640 2824 ab
663 2757 884 2824 anterioribus
909 2760 1042 2836 distant,
1066 2780 1179 2822 omnes
1197 2777 1379 2840 octonem,

303 2857 353 2921 vei
364 2857 478 2922 saitem
493 2861 822 2943 quatuoruntcriores
834 2863 998 2926 exeuntin
1008 2857 1379 2942 ambulacriafflespoii)

301 2962 373 3021 sive
391 2952 493 3022 aeolia
507 2957 658 3041 (Nitzscb
674 2965 737 3041 ⁸¹),
763 2958 879 3041 quibus
893 2975 1060 3042 sarcoptes
1080 2959 1120 3022 ab
1137 2981 1234 3024 scaro
1249 2960 1378 3026 follicu-
1422 2967 1425 2976 ‘

301 3060 468 3140 iorum⁸²)
492 3061 722 3142 distinguitur3
752 3075 920 3141 sarcoptes
949 3061 1092 3124 bominis
1116 3075 1224 3124 sutem
1251 3084 1290 3125 eo
1315 3063 1378 3125 dis-

299 3163 363 3224 fert
386 3161 426 3224 ub
449 3159 524 3223 aliis
547 3159 720 3241 speciebus
743 3173 926 3242 sorcoptue,
949 3181 1032 3244 quae
1049 3166 1081 3223 in
1099 3173 1172 3224 cute
1189 3161 1378 3226 animalium

301 3264 522 3344 reperiuntur,
553 3262 636 3345 quod
669 3273 792 3323 tantum
826 3276 963 3344 quatuor
997 3260 1097 3341 pedes
1131 3264 1315 3327 anteriores
1343 3266 1378 3326 in

299 3360 498 3424 ambulacris
522 3359 685 3441 simplicia
708 3376 851 3439 exeunt,
884 3375 1021 3445 quotuor
1044 3362 1245 3442 posteriores
1269 3375 1377 3426 autem

299 3464 380 3524 setis
402 3461 511 3545 longis
535 3464 686 3524 instructi
710 3477 796 3540 sunt,
824 3483 921 3544 quum
942 3463 976 3523 in
1001 3475 1151 3542 sarcopte
1175 3462 1249 3544 equi
1273 3464 1378 3525 omni·

299 3561 358 3624 bus
392 3576 465 3625 octo
493 3559 631 3643 pedibus
664 3560 863 3625 nntbuiacria
897 3563 973 3624 sint.
1025 3561 1200 3641 Sarccptes
1234 3561 1377 3626 hominis

380 3763 433 3844 59)
476 3762 713 3850 Uutersucbung
741 3770 801 3829 und
823 3765 1094 3852 Naturgescbicbtc
1116 3769 1169 3828 dec
1188 3765 1305 3828 Inbnitr
1327 3770 1377 3828 der

297 3843 410 3909 Kritze
432 3871 486 3909 aus
509 3851 575 3911 dem
597 3851 692 3913 irnuz.
714 3871 772 3912 von
798 3849 836 3912 G.
860 3849 903 3916 Κ.
948 3849 1025 3934 Lpz.
1050 3851 1304 3913 tuscorum.

378 3947 433 4030 60)
463 3949 597 4012 Annales
609 3951 661 4011 des
673 3953 809 4012 scicnces
818 3953 992 4014 nature-lies.
1006 3953 1073 4012 ch
1085 3947 1184 4014 Seric.
1196 3951 1291 4012 1834.
1304 3947 1342 4012 T.
1353 3947 1377 4010 1·

378 4049 433 4130 61)
485 4049 677 4131 Aligemeine
706 4048 772 4111 Euo
795 4051 932 4133 clcpidie
969 4055 1021 4112 der
1051 4047 1321 4112 wissenschaften
1350 4070 1376 4110 v.

297 4131 393 4198 Erech
416 4135 474 4194 und
497 4132 625 4195 Gruber.
671 4072 796 4197 Vobiv.
939 4133 940 4138 ’

378 4231 433 4311 62)
476 4229 544 4294 Hoc
571 4234 786 4295 animalculum
821 4221 1082 4298 GustsSchmidt
1112 4255 1140 4298 n.
1172 4233 1253 4295 1842
1283 4231 1376 4294 Bero-

295 4315 354 4380 lini
378 4317 513 4391 detexit3
545 4316 644 4399 imago
675 4319 740 4398 ejus
773 4320 922 4399 reperitur
951 4320 984 4380 in
1018 4315 1048 4384 J.
1077 4313 1205 4398 vogelii
1230 4313 1374 4380 leonibus

295 4397 707 4483 histologiccpathologicis.
750 4397 827 4463 Tan.
851 4397 931 4463 ΧΠ.
