3196 5224
759 427 1012 503 ...43-

429 617 550 684 Variae
575 623 748 704 opiniones
776 624 816 687 de
839 626 984 702 ratione,
1015 643 1098 707 quae
1128 621 1312 686 intercedat
1335 621 1422 684 inter

346 735 518 802 sarcopten
544 719 687 786 bominis
712 736 745 785 et
767 723 892 788 scabiei
914 722 1127 802 exanthema,
1150 721 1212 786 bae
1233 735 1324 784 sunt:

352 893 358 902 ι
430 831 454 882 Ι.
499 820 677 904 Sareoptae
701 821 844 886 bominis
868 843 1002 906 prorsus
1020 821 1126 886 nullus
1143 843 1262 904 nexus
1277 817 1422 884 causalis

344 934 395 980 cst
424 941 495 982 cum
530 921 653 984 scabiei
678 921 931 1001 exanthemnte,
964 923 1021 986 sed
1052 919 1253 986 exanthema
1288 921 1423 983 omnino

343 1020 394 1080 sui
408 1021 492 1101 juris
519 1035 580 1100 est,
604 1034 637 1083 et
652 1019 881 1085 animalculum
899 1036 954 1085 aut
970 1023 1105 1086 fortuito
1122 1022 1227 1100 adest,
1249 1034 1420 1102 postquam

242 1183 246 1198 ,
343 1122 553 1184 extrinsecus
576 1121 616 1182 ad
640 1143 758 1202 corpus
781 1124 950 1200 pervenit,
980 1136 1015 1186 ut
1043 1119 1213 1204 pediculos
1244 1121 1361 1202 capitis
1384 1119 1417 1182 in

343 1221 441 1297 tinea,
466 1236 498 1283 et
521 1221 605 1283 varii
630 1223 766 1302 parasiti
790 1225 822 1284 in
848 1220 1011 1286 ulceribus
1035 1220 1245 1299 scorbuticis,
1267 1234 1322 1284 aut
1346 1240 1421 1301 pro·

343 1321 471 1383 ductum
504 1336 555 1383 est
590 1320 743 1384 sordibus
779 1337 810 1384 et
839 1323 1120 1404 decompositione
1160 1321 1280 1384 secreti
1317 1320 1421 1397 cutis,

341 1422 452 1502 pravis
476 1419 653 1483 domiciliis
679 1436 710 1484 et
735 1423 845 1504 iniqua
870 1434 1063 1504 tempestate
1087 1419 1226 1498 effecta,
1252 1441 1295 1482 ex
1320 1439 1420 1503 gene·

341 1521 469 1582 ratione
482 1522 663 1603 aequivoca
676 1534 794 1583 ortum.
820 1519 916 1584 Hanc
933 1521 1120 1603 opinionem
1139 1517 1273 1601 protulit
1290 1519 1421 1593 elstrae,

340 1635 454 1699 postea
473 1617 616 1683 Karsten
634 1624 694 1700 ⁸⁸),
721 1621 921 1704 eandemque
945 1619 1094 1684 Pentelin
1113 1623 1162 1702 ⁸⁷)
1188 1633 1221 1682 et
1244 1617 1355 1682 l'uffer
1371 1619 1421 1698 ⁸⁸)

340 1715 600 1800 repetiverunt?
624 1721 801 1786 secundum
839 1719 914 1783 illos
942 1722 1044 1804 igitur
1074 1734 1243 1802 sarcoptes
1277 1719 1420 1782 bominis

342 1835 393 1882 est
418 1821 580 1900 parasitus
612 1821 742 1903 quidem
770 1818 1015 1884 exantbenratis
1039 1821 1183 1898 scabiei,
1216 1819 1274 1882 sed
1299 1817 1419 1882 abillo

280 1987 286 1997 ‚
345 1921 479 1981 omnino
512 1921 755 2005 sejungendus,
796 1933 893 2002 atque
926 1921 1131 2002 potissimum
1161 1922 1193 1982 in
1229 1917 1419 2002 regionibus

341 2017 475 2096 calidis,
510 2041 643 2103 quarum
671 2018 801 2083 incolae
833 2019 985 2083 sordibus
1014 2021 1159 2084 maxirue
1181 2015 1357 2100 laborant,
1386 2019 1417 2080 in

339 2116 402 2182 hoc
439 2118 674 2183 exantbernate
703 2134 899 2204 generatur,
937 2141 1037 2204 quare
1071 2121 1209 2184 maximi
1239 2135 1412 2202 sarcoptae

340 2220 483 2283 lrourinis
505 2221 538 2282 in
563 2220 711 2299 Corsica,
734 2219 828 2282 ltalia
852 2233 886 2282 et
907 2217 1014 2282 Gallia
1038 2220 1255 2301 reperiuntur.

420 2325 450 2384 2.
495 2319 671 2402 Sarcoptes
696 2320 839 2384 hominis
870 2341 935 2382 non
968 2333 1019 2382 est
1047 2341 1170 2398 carisa,
1197 2320 1255 2383 sed
1284 2317 1418 2404 sequela

338 2420 410 2482 sive
435 2419 625 2502 productum
651 2419 896 2483 exanthematis
917 2419 1054 2484 scabiei.
1104 2415 1211 2492 Quum
1243 2421 1276 2483 in
1306 2419 1417 2483 scabie

341 2540 405 2583 non
424 2540 553 2600 semper
570 2520 760 2600 productum
779 2520 942 2603 ejusmodi
960 2519 1104 2582 inveniri
1120 2521 1226 2600 possit
1245 2518 1415 2604 Saurages

340 2618 483 2682 scabiem
498 2622 719 2683 verminosatn
734 2621 877 2701 speeiem
891 2617 1088 2702 peculiarem
1100 2639 1174 2682 esse
1188 2621 1312 2682 statuit.
1336 2610 1415 2682 Sca·

338 2717 402 2779 biei
417 2719 618 2787 exantlrcma
631 2721 731 2804 igitur
743 2721 856 2783 variae
869 2732 1005 2782 naturae
1020 2739 1093 2781 esse
1103 2719 1223 2800 potuit:
1238 2721 1269 2800 t)
1283 2718 1415 2782 rnorbus

337 2821 421 2881 certis
439 2839 526 2880 mere
542 2817 669 2898 localis,
685 2817 793 2902 qualis
806 2818 912 2882 morbi
930 2818 1056 2881 viribus
1069 2821 1219 2883 externis
1232 2841 1415 2901 provocan-

337 2933 400 2995 tur,
418 2917 549 2980 morbus
567 2921 649 2982 cutis
663 2933 876 3000 spontaneus,
893 2921 947 3003 qui
960 2919 1095 2994 dieitur;
1111 2932 1168 2982 aut
1182 2923 1214 3001 2)
1231 2933 1414 3002 symptoma

335 3017 583 3101 kakoobymiae
606 3020 795 3102 sanguinis;
818 3034 873 3081 aut
895 3023 928 3099 3)
953 3019 1086 3082 morbus
1109 3020 1325 3083 secundarius
1347 3041 1413 3083 me·
1456 3027 1460 3032 '

336 3120 474 3181 tastasin
495 3117 547 3182 vel
571 3118 671 3182 crisin
696 3117 882 3196 exbibens,
913 3131 969 3182 aut
998 3118 1139 3202 denique
1171 3124 1205 3200 4)
1228 3135 1413 3203 symptoma

259 3235 263 3244 ’
338 3216 444 3280 triorbi
473 3240 648 3281 nervorum
678 3217 959 3300 periphericorum
980 3221 1041 3301 ⁸⁹).
1091 3215 1204 3302 ltaque
1232 3220 1331 3282 etiam
1360 3241 1413 3282 se·

335 3319 474 3381 cundum
494 3318 578 3382 banc
595 3319 782 3399 opinionem
800 3339 938 3382 necesse
956 3332 1054 3397 esset,
1071 3333 1243 3400 sarcopten
1258 3316 1413 3394 bominis,

333 3417 466 3498 animal,
489 3421 522 3481 in
544 3417 727 3501 liquoribus
743 3416 979 3482 exanthemate
994 3419 1174 3500 productis,
1198 3420 1411 3502 generatione

333 3520 513 3600 aequivoca
544 3520 623 3582 oriri
655 3540 773 3600 posse,
803 3519 887 3602 quod
912 3519 1041 3602 quidem
1063 3520 1133 3604 jam
1159 3539 1178 3582 a
1201 3519 1301 3600 priori
1321 3519 1409 3581 omni
1435 3508 1439 3516 ’

331 3677 631 3690 *a*

410 3788 468 3966 gbl
508 3790 909 3956 krgqfe'qqzffwasthm
923 3889 1060 3958 Journal.
1090 3891 1162 3956 Vol.
1178 3893 1229 3958 24.
1258 3893 1331 3956 fasc.
1349 3889 1410 3956 lll.

297 3989 307 4068 J
330 3993 361 4052 p.
383 3972 457 4034 483.

329 4149 374 4214 Π.
411 4073 492 4221 ἳῗέο
511 4072 786 4221 gestsrreicbische
801 4071 982 4176 zeitschrift
1003 4079 1050 4140 tir
1064 4070 1295 4161 Homdopatbie.
1338 4075 1410 4140 Vol.

413 4255 469 4334 69)
510 4257 602 4334 ldeeu
632 4285 674 4324 uu
707 4263 794 4340 einer
822 4262 1093 4347 philosophiscbcu
1121 4261 1324 4350 Regrlutdung
1360 4261 1412 4324 der

331 4335 627 4412 Heilnisseuschaft.
668 4345 803 4416 llrsehw.
828 4349 922 4414 1847.
964 4370 997 4434 p.
1025 4343 1101 4444 9¹»
