3196 5224
608 531 862 608 ..21-

191 745 396 832 crustaeque
436 742 596 814 crassiori
630 740 752 811 coloris
786 735 1016 808 lusco-rubri
1050 739 1108 804 aut
1141 735 1274 805 intenae

194 877 282 947 lusci
315 877 541 949 ellornandae
573 897 688 951 ausam
720 881 830 948 offert
891 875 1034 948 Scabies
1066 891 1208 964 perraro
1240 873 1275 942 in

192 1013 299 1084 lurore
325 1015 497 1105 primaria,
529 1035 623 1106 quarn
646 1013 743 1084 modu
779 1012 1036 1101 descripsimus,
1071 1009 1273 1102 acquiescit,

193 1149 258 1220 sed
284 1150 346 1220 sub
371 1153 439 1220 ista
465 1157 579 1220 crusta
611 1149 770 1220 ulceratio
796 1149 908 1239 viget,
945 1165 1053 1238 quae,
1087 1151 1186 1238 prout
1216 1165 1275 1218 ars

178 1261 383 1356 'auxiliatrix
407 1288 501 1356 ouius
524 1287 694 1378 seriusve,
719 1285 891 1357 eltlcacius
909 1285 1179 1372 negligentiaeve
1195 1285 1276 1375 ogit,
1316 1380 1319 1394 Ι

194 1423 251 1492 vel
275 1423 486 1519 superficient
517 1423 623 1492 solam
651 1423 755 1508 tangit
783 1423 840 1492 vel
865 1423 964 1494 altius
990 1419 1166 1493 descendit
1191 1437 1275 1490 san-

196 1558 336 1654 piusque
361 1565 515 1628 eventurn
539 1557 640 1628 babet
664 1559 802 1628 maxine
826 1556 1039 1627 horrendum.
1080 1558 1173 1628 lnlru
1189 1575 1276 1626 nun-

196 1697 284 1765 nulla
307 1693 352 1764 de
374 1695 540 1778 ulceribus
564 1695 730 1764 scabiosis
754 1693 960 1782 adjiciemus.
1251 1689 1255 1697 ’

296 1829 373 1900 lloc
398 1831 440 1901 ab
472 1833 547 1902 locu
573 1849 637 1900 uon
669 1833 809 1900 alienum
834 1831 954 1920 luerit,
989 1831 1277 1922 observationem,

198 1983 284 2057 qnae
317 1967 416 2034 etiam
445 1967 613 2063 praemitti
644 1988 666 2038 a
696 1969 792 2038 nobis
828 1972 979 2056 poterat,
1015 1965 1201 2054 adjungere
1234 1966 1279 2036 ad

198 2101 381 2188 dtaguoslm
410 2105 609 2174 varietatum
641 2101 738 2176 modo
762 2109 1086 2174 commemoratarum
1110 2105 1280 2192 plurimum

197 2239 386 2332 valentem3
410 2259 475 2330 qua
499 2241 673 2310 ramssime
698 2240 850 2311 videmus
874 2260 970 2312 unam
992 2247 1117 2310 tuntum
1140 2239 1280 2306 istarum

199 2377 398 2447 varietatum
424 2383 481 2445 ant
507 2377 614 2466 ipsam
647 2379 821 2464 genuinam
851 2379 999 2450 scabiem
1023 2378 1130 2446 solam
1155 2393 1278 2472 corpus

200 2514 360 2607 avocere,
395 2531 513 2584 verum
544 2517 714 2608 plerisque
743 2517 776 2584 in
811 2517 944 2588 casibus
971 2515 1093 2583 mixtas
1121 2510 1281 2603 quasdam

199 2651 345 2746 reperiri
376 2651 502 2720 turmas
534 2651 652 2741 quibus
689 2657 755 2722 tum
788 2655 847 2722 vel
886 2653 1017 2741 speciei
1051 2651 1280 2738 praevalentis

199 2803 318 2856 nomen
350 2792 407 2857 aut
439 2789 692 2876 appellationem
725 2789 942 2877 compositam
976 2787 1159 2856 attribuere
1191 2785 1280 2856 licet

201 2920 286 2992 Sola
308 2923 416 2993 {orma
437 2925 612 3018 pustulosa
629 2925 714 2995 baec
732 2931 802 3016 est,
829 2943 915 3014 quau
939 2925 1103 3016 ejusmodi
1127 2926 1282 2994 mixtione

203 3059 404 3154 saepissime
425 3066 553 3130 careat.

303 3193 468 3287 Denique,
492 3195 634 3285 nequid
658 3201 931 3294 praetermisisse
955 3201 1138 3291 videamur,
1162 3198 1282 3268 dulea-

202 3329 276 3400 dan
310 3349 394 3399 ease
430 3331 656 3402 existimamus
688 3334 776 3424 qoud
809 3342 910 3405 vetus
944 3337 1013 3404 istu
1046 3335 1187 3425 divisio,
1220 3352 1285 3423 qua

201 3466 337 3536 scabies
361 3467 453 3536 sicca
477 3473 512 3534 et
539 3467 669 3536 burnida
692 3469 847 3556 distingui
872 3471 1038 3556 solebant,
1065 3471 1165 3540 etiarn
1186 3468 1285 3540 bodie

202 3603 492 3700 incompluribus,
516 3622 602 3693 quae
628 3614 734 3676 artem
760 3605 919 3674 medicam
945 3612 1100 3696 marmot,
1126 3605 1285 3694 operibus

203 3741 302 3812 obvia
325 3743 372 3810 sit
394 3741 688 3831 tam-trequentes.
735 3741 891 3814 Soubiem
918 3743 1042 3813 siccam
1071 3741 1155 3812 eninr
1180 3759 1284 3830 erup-

202 3881 325 3951 tionem
360 3883 458 3952 talem
486 3879 660 3971 dicebant,
699 3881 731 3948 in
765 3898 830 3969 quo
862 3879 1034 3950 vesiculae
1065 3879 1214 3949 siccatae
1249 3879 1286 3946 in

204 4023 339 4088 ornatas
356 4021 497 4110 abirent,
521 4020 726 4090 creberrime
743 4021 776 4087 iu
794 4019 910 4109 dorso,
933 4017 967 4085 iu
983 4015 1130 4106 bruchio,
1156 4017 1287 4086 femore

205 4163 241 4225 et
263 4156 446 4251 parietibus
463 4156 721 4228 abdominalibus
742 4162 930 4251 repertam3
954 4155 1103 4224 scabiem
1124 4151 1286 4222 buuridam

205 4297 339 4386 couno,
365 4295 399 4364 iu
425 4313 490 4384 qua
515 4295 712 4366 oamtbema
735 4295 934 4386 primitivum
958 4291 1122 4362 vesiculis
1145 4289 1286 4388 diruptis

204 4429 357 4518 liquidum
391 4429 555 4524 quoddam
588 4429 773 4502 corrodens
807 4431 994 4516 emitteret,
1029 4424 1288 4518 quampridem
