3196 5224
287 721 379 788 Inter
404 721 671 807 complicationes
689 722 733 790 ad
760 721 968 793 statuendam
993 721 1167 807 diagnosin
1193 720 1262 789 olt-

182 855 341 924 licillimas
373 857 575 947 complicatio
610 857 749 925 habetur
770 861 910 928 scabiei
944 880 1014 929 curn
1045 860 1119 928 aliis
1156 875 1262 926 exau-

182 990 378 1062 tbematibus
402 993 580 1085 chronicis,
606 997 764 1090 imprimis
790 1017 861 1064 cum
880 997 1031 1085 lrerpete.
1084 995 1262 1079 Sauvages

182 1131 380 1200 varietatem
405 1133 572 1220 propriam
604 1133 730 1201 scabiei
762 1135 890 1201 nornine
918 1133 1043 1202 scabiei
1068 1131 1262 1227 lrerpeticac

183 1267 347 1354 proponit.
401 1263 532 1335 Cursus
556 1268 726 1356 utriusque
749 1270 989 1338 exanthematis
1015 1269 1130 1357 nequis
1157 1271 1262 1336 inter·

183 1405 282 1473 vullis
313 1407 458 1493 porrecti
482 1425 547 1475 nou
564 1408 610 1474 ita
628 1407 859 1501 respiciendus
883 1414 947 1491 est,
973 1425 1068 1495 quam
1093 1407 1122 1473 is
1150 1423 1262 1490 casos,

185 1559 249 1628 qno
275 1541 348 1608 vito
374 1535 460 1609 cutis
489 1542 722 1611 exanthemate
748 1545 922 1633 populoso,
945 1543 1073 1611 bulloso
1097 1544 1153 1611 vel
1179 1563 1263 1629 pus-

184 1677 292 1744 tuloso
317 1675 471 1745 chronico
496 1698 561 1746 non
586 1679 764 1766 parasitico
781 1682 852 1765 jorn
884 1679 970 1747 adeo
996 1686 1119 1748 mutata
1148 1686 1203 1746 est
1229 1685 1262 1745 et

184 1829 205 1879 o
230 1789 345 1880 norma
369 1809 511 1902 deflexa,
537 1820 572 1880 ut
595 1813 729 1883 scabies
755 1832 875 1882 recens
899 1821 1018 1883 exorta
1036 1816 1142 1884 solum
1168 1817 1263 1903 quasi

184 1949 347 2018 insuetum
373 1951 538 2036 attingere
563 1959 711 2037 cogatur.
772 1951 869 2020 ilaec
893 1951 1097 2039 complicatio
1124 1953 1263 2039 saepius

185 2087 351 2173 reperitur
383 2089 416 2154 in
449 2087 586 2156 sedibus
618 2088 823 2176 paupertatis
848 2093 882 2153 et
906 2086 1143 2174 immunditiae,
1177 2087 1265 2153 luter

185 2220 338 2292 Judaeos
366 2230 401 2292 et
425 2223 552 2294 Slavos'
578 2223 822 2311 occidentales,
860 2221 945 2313 apud
971 2223 1109 2289 intimum
1134 2222 1264 2309 plebem

185 2357 218 2426 in
248 2360 376 2445 maguis
405 2359 540 2428 urbibus
576 2365 611 2428 et
642 2359 675 2427 in
705 2359 897 2426 carceribus
930 2359 1079 2452 publicis.
1141 2353 1263 2428 Credi·

188 2497 274 2565 derit
297 2498 411 2586 aliquis
430 2505 537 2566 cutem
555 2497 802 2585 degeneratam,
827 2512 913 2582 qnae
929 2495 962 2561 in
980 2496 1264 2564 exantlrematibus

187 2634 349 2702 chronicis
377 2634 614 2724 epidermidem
640 2635 705 2703 sibi
732 2632 845 2702 induat
872 2633 977 2718 magis
1005 2633 1263 2721 crassisrcotam,

186 2772 340 2857 contagio
373 2773 479 2840 morbi
508 2773 656 2842 scabiosi
684 2773 852 2860 plurimum
877 2771 1099 2860 impedimenti
1124 2775 1264 2860 afferre,

187 2913 287 2998 atque
312 2905 389 2976 inde
413 2909 632 3000 concluserit,
657 2909 721 2978 hoe
744 2929 826 2978 casu
854 2910 1050 2980 exantlrema
1078 2911 1266 2977 scabiosum

185 3045 380 3115 necessario
420 3045 531 3113 rarius
567 3043 710 3115 adesse:
749 3047 812 3116 sed
846 3067 912 3117 non
952 3056 1007 3118 est
1038 3051 1105 3139 itu,
1147 3052 1265 3118 etenim

186 3183 249 3254 loe
280 3187 355 3280 ipso
389 3201 471 3254 casu
502 3185 557 3252 vis
597 3185 791 3270 contagiosa
821 3187 914 3254 ocari
938 3185 1063 3256 scabiei
1088 3188 1266 3254 manifesto

186 3329 349 3415 apparet:
378 3323 495 3411 quodsi
514 3325 692 3412 perpaucis
716 3329 841 3390 tantum
858 3321 940 3390 loeis
968 3321 1157 3416 superficiei
1185 3342 1265 3391 cor·
1303 3417 1315 3445 0

186 3459 279 3553 poris
320 3477 421 3527 scura
456 3460 614 3545 contingit
644 3465 680 3526 ut
709 3461 742 3526 in
772 3464 878 3528 cntern
912 3477 951 3526 se
985 3457 1127 3548 inierat,
1166 3459 1264 3526 nihilo

185 3593 290 3662 minus
314 3599 424 3667 tamen
450 3599 578 3686 eruptio
601 3596 729 3674 scabiei
757 3597 826 3663 late
860 3594 1031 3690 serpentis
1055 3593 1133 3664 inde
1158 3595 1265 3662 ellici·

185 3736 248 3822 tnr,
274 3751 359 3821 quae
383 3735 522 3820 insignis
549 3741 604 3804 est
628 3734 793 3805 concitato
818 3734 944 3822 pruritu
971 3739 1006 3802 et
1033 3732 1176 3802 decursu
1200 3750 1265 3825 pe·

186 3869 299 3938 culiari
322 3871 523 3958 singularum
549 3873 742 3968 papularum
766 3870 824 3939 vel
847 3870 1007 3938 bullarum
1031 3869 1088 3938 vel
1113 3869 1265 3963 pustula-

185 4025 281 4098 rum,
325 4009 482 4098 imprimis
528 4029 613 4079 vero
653 4010 812 4078 facultate
852 4009 997 4094 contagii
1036 4007 1264 4103 propagandi,

185 4161 336 4213 necnon
374 4163 415 4216 eo
446 4147 534 4237 quod
565 4167 638 4217 cum
663 4154 823 4238 sareopte
848 4149 941 4218 simul
968 4135 1085 4217 existit
1108 4153 1144 4214 et
1168 4147 1264 4235 paulo

185 4287 264 4376 post
299 4283 475 4352 evanescit
511 4303 608 4374 quern
640 4293 817 4382 sarcoptes
849 4286 1008 4357 remediis
1042 4287 1172 4357 idoneis
1200 4307 1265 4356 ex-

186 4419 324 4490 stinctus
354 4423 422 4491 cst.
483 4423 637 4510 Aegroto
678 4441 722 4492 ca
757 4423 963 4514 complicatio
1002 4423 1175 4497 admodum
1211 4432 1267 4496 est
