3196 5224
594 558 844 628 ...11-

180 775 379 845 responsum
405 760 481 847 snit,
515 768 623 826 tomen
649 759 842 827 cxoirthcmo
867 761 899 827 in
932 779 1055 828 caussa
1079 779 1160 830 esse
1186 765 1260 830 rniiri

180 897 278 980 longo
296 894 430 962 videtur
447 896 678 961 verisimiiino:
705 895 901 963 exanthemo
920 897 1004 963 onim
1026 915 1069 964 ox
1086 901 1259 982 sunguine,

180 1051 242 1118 per
274 1035 458 1118 contagium
489 1055 616 1123 quoquo
650 1032 746 1099 modo
780 1037 922 1120 mutato,
959 1032 1088 1099 rationo
1120 1035 1258 1123 quodum

159 1167 429 1255 'physiologicue
462 1169 675 1256 cpidermidis
712 1171 896 1237 formationi
927 1171 1075 1257 cutisque
1110 1174 1258 1263 truospi-

179 1305 300 1371 rotioni
333 1307 430 1372 oimiii
468 1310 595 1395 oritur,
641 1327 793 1398 novoque
836 1311 975 1376 irritatio
1016 1309 1257 1396 ncripirericum

179 1461 356 1510 nervorum
387 1443 602 1512 rodiutionem
638 1449 761 1534 tangit,
795 1465 880 1535 quoe
915 1447 1054 1512 irritatio
1088 1467 1181 1534 quum
1214 1449 1258 1512 sit

180 1545 359 1670 constane,
391 1583 535 1668 protritus
562 1584 657 1650 ctiorn
682 1601 790 1670 oeque
815 1587 971 1649 constans
1001 1593 1055 1648 eut
1079 1591 1142 1646 turn
1171 1584 1254 1669 ioco,

180 1719 245 1780 turn
272 1721 432 1802 ternpore.

279 1851 441 1943 Proprius
466 1851 594 1942 quidum
618 1854 742 1920 scabiei
767 1851 862 1936 odor,
887 1850 1032 1918 mucidus
1056 1854 1110 1920 iiie
1129 1857 1258 1944 quidem

180 1998 215 2058 ot
238 2007 309 2055 curn
343 1987 447 2055 odore
481 1989 653 2054 linteorum
686 2005 828 2078 corporo
856 1986 998 2053 cubante
1030 2000 1256 2076 corruptorum

179 2129 422 2222 comparandus
450 2149 471 2195 a
487 2129 625 2196 Richter
641 2121 688 2220 ¹⁴)
715 2132 749 2192 et
768 2125 885 2192 idonee
899 2117 947 2215 15)
974 2139 1254 2194 commemoratur.

284 2271 321 2335 in
354 2266 480 2334 scabiei
511 2264 652 2332 decurso
689 2262 893 2330 frictionibus
926 2279 1114 2354 pressoque
1145 2264 1288 2328 vesti·

179 2407 297 2472 mentio
322 2401 464 2471 exhibito
490 2399 729 2493 prominentiore
752 2401 936 2493 popniosoe
965 2419 1118 2466 cacumen
1137 2399 1254 2468 detru-

121 2601 125 2610 .
180 2543 287 2624 ditor,
317 2559 379 2630 qno
415 2538 503 2606 socio
529 2539 671 2630 papulae
696 2537 794 2604 fondo
817 2540 961 2604 crustulo
988 2539 1146 2626 qurredom
1172 2538 1254 2604 sub-

180 2681 267 2744 tirrvo
292 2682 349 2742 cui
371 2675 530 2742 subfusco
557 2676 668 2741 colore
695 2675 814 2740 imbuto
841 2675 971 2760 insidet,
999 2693 1082 2761 qrroe
1100 2673 1257 2742 videlicet

180 2833 245 2880 non
277 2820 329 2880 cst
354 2813 417 2878 nisi
457 2809 629 2878 exsudatio
658 2828 701 2878 ex
727 2829 791 2899 qun
821 2813 938 2894 nutritio
969 2811 1119 2894 prosecta
1147 2811 1257 2877 suerat

182 2951 361 3036 exsiccato,
381 2951 451 3033 juro
476 2947 663 3012 velamento
683 2965 743 3011 suo
763 2943 987 3032 epidormidoii
1007 2950 1116 3012 exuta.
1153 2943 1255 3028 Quom

181 3088 356 3154 crustulam
380 3087 410 3150 si
435 3086 507 3172 qrris
534 3080 714 3148 crediderit
736 3082 930 3147 necessario
949 3082 1097 3165 cujusvis
1117 3083 1256 3172 popuioo

181 3227 252 3290 loco
280 3224 467 3308 exsistere,
495 3239 612 3302 mogon
637 3221 665 3282 is
694 3191 821 3305 quidem
846 3223 977 3282 tenetur
1002 3234 1130 3281 errore.

259 3435 262 3442 ,
283 3358 431 3442 l'uputuc
454 3355 642 3440 scabiosoe,
670 3348 937 3440 quemadmodum
954 3351 1053 3432 vuigo
1073 3348 1255 3435 perhibent,

181 3499 211 3563 in
237 3494 348 3581 primis
374 3493 405 3556 in
432 3508 579 3555 munuum
611 3488 775 3574 articulis,
811 3487 895 3551 inter
925 3488 1048 3578 primos
1081 3485 1256 3568 digitorum

179 3631 348 3718 articulos,
374 3628 407 3694 in
432 3624 551 3714 pedum
575 3622 686 3707 digitis
713 3623 862 3710 interque
892 3620 1027 3688 eosdem
1052 3628 1085 3688 et
1102 3622 1133 3686 in
1153 3639 1256 3686 mcnr-

179 3771 311 3836 brorum
335 3768 422 3834 socie
450 3765 602 3830 flexionis
630 3766 729 3850 utque
753 3761 783 3825 in
808 3758 943 3825 clunium
971 3757 1053 3822 rimo
1081 3765 1254 3844 coniurent.

72 3903 75 3910 ’
181 3905 347 3996 Βοιῐεείε
376 3903 553 3985 dubitatur,
582 3919 676 3982 nom,
704 3897 799 3966 sicuti
826 3895 948 3962 Wiiion
975 3900 1008 3960 ct
1033 3895 1194 3960 Betomon
1222 3901 1257 3959 ct

178 4109 500 4124 m

262 4265 317 4342 14)
361 4283 442 4343 spec.
465 4259 597 4343 Thernp.
620 4257 679 4325 Vl.
722 4283 752 4343 p.
775 4261 846 4322 131.

263 4363 317 4442 15)
361 4359 530 4425 Erkenntn.
553 4383 585 4426 o.
608 4359 670 4423 Cur
691 4364 743 4424 dec
765 4362 867 4425 chron.
890 4355 1112 4422 Kronlrheitcn.
1160 4353 1255 4418 Wicn

182 4462 275 4525 runo.
297 4457 358 4524 nr.
402 4459 512 4542 soon
