3196 5224
704 505 956 575 ...44-

296 714 411 784 taeque
434 686 543 765 lineae
572 715 782 766 transversae
809 716 842 765 et
871 716 1025 766 arcuatae
1054 703 1171 784 partim
1194 699 1370 784 parallelae

295 801 528 878 decurrentes,
561 817 732 890 praeterea
767 816 906 884 quatuor
937 803 1043 864 series
1066 803 1368 866 excrescentiarum

294 899 413 964 emboli
437 901 575 964 sormam
602 901 672 963 fera
700 901 932 978 referentium,
964 901 1103 983 denique
1128 902 1161 963 in
1185 903 1369 982 posteriore

292 1003 365 1084 ejus
395 1003 542 1085 margine
569 997 679 1081 piures
707 1016 809 1062 sutae.
863 999 990 1064 Pariter
1020 1001 1179 1062 etiam'in
1209 1001 1369 1065 inferiore
1587 1017 1588 1082 t

291 1101 439 1181 corporis
463 1101 549 1163 facie
573 1097 879 1162 animadvertuntur
901 1097 1008 1162 lineae
1032 1113 1243 1162 transversae
1267 1115 1300 1162 et
1315 1121 1368 1164 ar·
1587 1087 1588 1120 i

291 1213 406 1262 ouatae
431 1217 528 1284 atquo
552 1220 597 1262 ex
617 1197 708 1276 loco,
740 1198 794 1261 ubi
818 1198 988 1280 proboscis
1011 1200 1186 1276 inseritur,
1215 1199 1367 1283 utrinque

289 1297 376 1362 linea
403 1299 582 1376 subrubra,
608 1319 691 1382 quaa
719 1297 834 1361 ambae
855 1297 962 1361 lineae
988 1299 1021 1361 iu
1044 1297 1132 1362 linea
1155 1297 1263 1362 media
1288 1321 1366 1362 con·

285 1403 469 1483 junguntur·
491 1414 524 1462 et
548 1397 601 1460 bic
625 1395 858 1480 aliquantulum
883 1399 979 1479 spatii
1003 1413 1213 1479 percurrunt3
1241 1400 1367 1463 siutiieu

289 1497 398 1561 lineae
421 1496 604 1562 subrubrae
633 1498 782 1560 oriuntur
805 1518 823 1559 e
845 1495 940 1576 locis,
962 1496 1018 1561 ubi
1039 1499 1139 1580 pedes
1166 1499 1367 1564 inseruntur.

289 1596 388 1660 Setae
412 1611 536 1661 tantum
559 1595 728 1660 solitariae
752 1599 957 1678 reperiuntur
980 1599 1014 1659 in
1038 1597 1196 1660 inferiora
1219 1601 1365 1680 corporis

287 1699 383 1760 facie.
419 1697 532 1761 Mares
556 1711 727 1788 sarcnptaa
750 1693 892 1759 hominia
915 1699 1071 1776 minores,
1098 1719 1191 1780 quam
1209 1697 1364 1776 feminae,

288 1813 320 1860 et
341 1795 547 1880 longioribus
570 1795 645 1878 pilis
669 1799 818 1860 instructi
840 1818 914 1858 esse
936 1797 1097 1862 dicuutur.
1142 1797 1202 1860 Dr.
1225 1795 1364 1861 Tameia

287 1920 316 1960 a.
335 1901 414 1960 1845
431 1895 556 1982 Pragae
573 1917 783 1982 permagnum
805 1909 977 1978 sarcopten
996 1893 1140 1960 hominis
1156 1900 1364 1976 monstravit,

287 2019 381 2080 quem
413 1999 484 2079 ipse
514 2019 588 2061 cera
617 1994 841 2080 finxerat⁸’).
867 2033 907 2045 -
938 1995 1175 2080 mensumn)
1202 2019 1300 2080 saepe
1328 1999 1362 2060 in

289 2110 402 2160 uentre
424 2113 649 2180 sarcoptaruru
672 2096 816 2160 bominis
832 2094 1015 2160 adultorum
1034 2120 1131 2161 ovum
1148 2099 1242 2174 vidit,
1265 2120 1362 2180 porro

287 2199 522 2282 oesopbugum,
546 2199 573 2259 si
597 2195 717 2259 animal
740 2198 773 2258 in
799 2195 905 2260 oleum
929 2197 1111 2260 immissum
1128 2197 1247 2281 glutire
1264 2219 1363 2282 coge-

285 2296 390 2376 batur,
417 2296 633 2361 ventrieulum
657 2318 730 2360 cum
747 2295 889 2359 motibus
906 2295 1128 2378 peristaiticis,
1151 2310 1246 2379 atquc
1263 2301 1360 2360 etiam

285 2420 398 2473 anum;
422 2436 461 2445 —
496 2412 528 2459 et
552 2397 786 2480 bourguignon
803 2401 852 2477 ⁸⁸)
876 2419 1004 2480 quoque
1029 2397 1061 2459 in
1092 2395 1240 2477 partibus
1263 2419 1360 2480 appa-

284 2511 388 2560 ratum
411 2499 451 2560 ad
472 2497 631 2561 sumenda
654 2497 852 2560 nutrimenta
869 2495 1066 2559 destinatum
1085 2497 1360 2561 constituentibus

284 2598 379 2660 affert
404 2593 626 2680 oesophagum
644 2610 676 2658 et
693 2597 876 2660 rudimenta
893 2597 1041 2660 intestini
1059 2617 1130 2660 cum
1147 2597 1201 2658 ani
1219 2595 1359 2662 orificio.

284 2696 458 2760 Praeterea
490 2694 662 2759 Eicbstedt
690 2694 855 2759 musculos
886 2699 919 2759 in
953 2695 1091 2778 pedibus
1122 2695 1360 2776 anterioribus,

283 2812 376 2880 tergo
409 2809 442 2858 rt
473 2809 589 2858 ventre
625 2798 792 2880 cognovit.
851 2795 948 2860 Multi
984 2810 1120 2860 naturae
1157 2810 1358 2860 scrutatores

282 2895 345 2959 boo
367 2893 595 2959 animalouium
619 2895 853 2960 aracbuidibus
875 2895 1009 2984 trachea
1027 2894 1185 2978 praeditis
1202 2897 1358 2960 adnume-

283 3001 439 3079 rant⁷⁰)‚
463 2995 766 3080 Bottrguiguon’¹)
789 3018 868 3059 vero
898 2995 1064 3060 traobeam
1095 2999 1124 3059 ei
1153 3017 1228 3059 esse
1259 3011 1358 3081 negat

282 3112 313 3158 et
331 3099 580 3178 respirationem
605 3119 662 3160 ore
678 3111 711 3160 et
727 3096 917 3180 oesophago
934 3093 1049 3178 perfici
1065 3093 1220 3160 affirmat.
1253 3094 1357 3160 Bour-

280 3199 426 3279 guignou
450 3197 533 3258 adeo
556 3194 713 3280 gaugliou
738 3218 913 3259 nervorum
937 3198 970 3258 in
995 3195 1057 3260 boe
1073 3195 1207 3261 animali
1224 3217 1260 3258 aa
1277 3219 1356 3260 con·

281 3298 452 3376 spexissse
476 3295 645 3359 contendit
659 3301 719 3378 7’).
761 3295 913 3381 Hertwig
926 3299 976 3379 ⁷³)
994 3298 1114 3361 coitum
1131 3311 1361 3378 sarcoptarum,

362 3483 416 3564 67)
460 3481 661 3566 Oppeubeim.
683 3481 832 3548 Zeitsobr.
876 3481 950 3548 Vol.
985 3481 1035 3546 39.
1068 3485 1139 3546 fasc.
1170 3485 1201 3548 2.
1245 3479 1355 3548 flamb.
1387 3523 1395 3541 .

279 3570 371 3630 1848.
414 3589 443 3649 p·
467 3567 538 3630 293.
799 3569 803 3578 '

297 3671 301 3678 '
362 3669 418 3743 68)
460 3665 584 3769 Froriep
606 3663 736 3728 Notizeu
759 3666 852 3736 1846..
896 3661 972 3729 vot.
993 3666 1045 3730 39.
1088 3689 1119 3750 p.
1144 3666 1214 3731 267.

360 3767 415 3848 69)
460 3767 480 3828 l·
502 3767 522 3828 l.
564 3788 595 3849 p.
619 3767 647 3828 9.

335 3871 414 4013 1ἔξ)
457 3887 487 3931 v.
508 3887 532 3928 c.
555 3863 813 3930 Miluo-Edwards
828 3865 1106 3951 Zuologie,*iibers.
1127 3887 1156 3932 v.
1173 3865 1243 3931 Cari
1265 3869 1354 3934 1845.

277 3973 308 4032 p.
396 3996 404 4009 .

359 4053 414 4130 71)
457 4050 526 4110 l.l.
567 4072 597 4133 p.
620 4053 667 4112 to.

359 4153 413 4224 72)
440 4151 476 4234 .¹·
503 4149 522 4210 i.
564 4171 592 4231 p.
615 4155 664 4212 11.

360 4249 414 4328 73)
458 4247 730 4332 Untersuobungen
745 4252 817 4312 tiber
841 4253 890 4314 die
905 4249 989 4313 Haut
1010 4254 1069 4311 und
1094 4253 1166 4314 tiber
1180 4251 1229 4312 die
1243 4249 1354 4314 Kritz-

276 4330 587 4498 {ieioifflmssbm
609 4355 635 4395 v.
651 4333 743 4396 Gurlt
765 4356 796 4399 u.
812 4333 963 4418 Hartwig.
1006 4333 1065 4400 Eu.
1080 4331 1121 4397 ll.
1162 4333 1353 4398 uerutum.
