3196 5224
696 343 948 414 ...53-

283 541 370 604 tunde
405 539 512 606 elucet
544 539 711 624 sulphuris
744 562 805 606 utu
837 545 968 608 interno
999 545 1185 628 contagium
1218 544 1284 608 euti
1313 543 1364 606 in·

283 637 425 703 haerens
450 639 551 705 deleri
576 663 688 724 posse.

365 738 440 806 Nou
464 762 596 823 possum
620 757 741 822 tamen,
764 747 840 828 quin
864 745 903 808 ad
926 741 1048 806 calcem
1072 742 1198 808 scabiei
1221 745 1363 809 curatio·

282 861 358 905 nem
389 862 664 921 commemorem,
705 865 787 928 quae
824 865 875 906 me
911 843 997 907 haud
1029 865 1165 926 parrum
1194 866 1364 908 aurnerum

282 940 510 1006 scabiosorum
541 957 755 1022 tractantem,
788 965 862 1006 raro
893 957 1018 1006 tanturn
1051 943 1210 1008 destituit.
1261 945 1365 1007 Lecta

282 1044 525 1106 commeatione
542 1041 757 1120 Schroettcri,
781 1043 926 1106 doctoris
944 1042 1208 1124 Coepenikensis
1225 1047 1290 1124 ²⁴),
1313 1043 1364 1106 fu·

280 1140 385 1226 ligius
408 1141 604 1224 splendente
626 1145 673 1206 uti
701 1156 835 1224 coeptus
860 1163 949 1220 sum,
984 1143 1068 1224 quod
1095 1145 1273 1206 remedium
1299 1164 1363 1206 nou

282 1241 533 1324 improbandum
562 1245 668 1306 visum
700 1257 769 1321 est,
806 1263 902 1326 quum
927 1244 997 1325 jam
1029 1256 1214 1306 creosotum
1245 1255 1277 1305 et
1305 1244 1363 1326 pix

283 1358 399 1408 contra
422 1341 567 1406 scabiem
592 1341 739 1406 adbibita
764 1355 893 1420 essent,
924 1340 1082 1425 brevique
1105 1363 1241 1436 proqur
1266 1363 1364 1424 appu·

280 1445 348 1508 ruit
369 1463 557 1528 processus.
602 1444 793 1506 Conteritur
824 1463 898 1522 pars
924 1463 988 1504 una
1013 1441 1163 1527 fuliginis
1187 1463 1258 1505 cum
1283 1443 1365 1506 dua-

281 1544 342 1608 bus
363 1542 511 1625 partibus
534 1541 587 1606 vel
610 1563 682 1606 cum
707 1565 771 1606 una
802 1543 1036 1624 dimidiataque
1058 1543 1184 1624 adipis,
1216 1565 1279 1627 quo
1303 1563 1363 1605 un-

281 1658 405 1730 guento
435 1641 490 1706 ubi
526 1641 657 1706 scabies
687 1640 753 1705 late
785 1663 821 1704 ae
852 1641 987 1720 effudit,
1024 1655 1126 1706 totum
1159 1663 1297 1724 corpus,
1335 1645 1364 1706 si

281 1745 402 1822 minus,
424 1763 540 1806 manus
558 1756 682 1806 tantum
700 1742 864 1825 pedesque
877 1741 941 1804 'sub
959 1763 1131 1823 vesperum
1148 1745 1364 1828 inunguntur,

281 1856 418 1928 aegroto
441 1839 534 1905 cibus
557 1863 674 1925 parcns
696 1843 910 1924 permittitur,
937 1862 1033 1904 ratane
1056 1842 1271 1926 subsequenti
1295 1841 1364 1905 bal·

282 1965 379 2008 neum
409 1944 553 2026 tepidum
584 1957 617 2006 rt
652 1943 786 2024 saponis
817 1941 948 2005 Rossici
979 1940 1125 2026 vulgaris
1155 1965 1215 2006 usu
1247 1944 1364 2007 sordeo

282 2043 525 2128 absterguntur.
580 2042 674 2108 Haec
711 2041 797 2106 ratic
836 2043 1046 2105 continuatur
1083 2043 1188 2106 donec
1226 2042 1364 2125 papulae

282 2143 392 2208 nullae
421 2142 633 2208 vesiculaeve
663 2155 814 2208 recenter
851 2144 1017 2216 existam3
1056 2141 1246 2227 plerumque
1278 2145 1364 2208 intra

281 2247 424 2328 quinque
448 2244 519 2307 dies
542 2242 687 2308 scabiem
710 2240 880 2325 expellere
903 2243 1075 2325 contingit.
1119 2241 1212 2306 Haec
1238 2244 1364 2307 curatio

281 2360 346 2409 tam
369 2341 525 2424 simplex,
547 2345 712 2409 medicina
733 2357 798 2406 tam
820 2339 988 2424 parabilis,
1012 2354 1046 2404 at
1068 2343 1167 2426 digna
1190 2345 1245 2422 sit,
1268 2364 1363 2427 quam

282 2457 314 2509 et
336 2442 394 2508 alii
415 2443 605 2507 adhibeant.
650 2442 732 2506 illud
763 2458 871 2506 tamen
902 2440 1101 2505 incommodi
1127 2442 1243 2522 habet,
1277 2442 1362 2527 qirod

280 2545 382 2626 adeps
408 2557 441 2607 et
466 2542 569 2628 loligo
596 2538 698 2606 lintea
721 2542 887 2618 alliciunt,
916 2554 949 2604 at
969 2541 1057 2605 idem
1085 2543 1155 2605 sere
1177 2540 1282 2606 et'froit
1304 2563 1363 2605 uu·

279 2659 437 2729 guentam
462 2642 703 2725 sulphuricum;
736 2642 855 2718 deinde
880 2640 1011 2704 babitus
1034 2643 1187 2706 sordidus
1210 2657 1362 2727 aegroto-

279 2765 351 2807 rum
374 2757 407 2806 et
426 2742 601 2808 linteorum
625 2741 758 2806 obstare
782 2755 905 2823 posset,
929 2763 1043 2806 veram
1067 2745 1096 2805 is
1120 2739 1250 2806 babitus
1274 2763 1362 2806 corn·

279 2858 436 2927 pensatur
464 2843 621 2921 foedare,
658 2843 711 2925 qui
747 2857 914 2925 unguento
950 2840 1140 2924 sulphurieo
1175 2840 1363 2926 plerumque

280 2942 430 3008 adbibita
453 2945 580 3007 existit.

361 3041 464 3110 Nisus
485 3043 694 3125 experientia
717 3064 834 3124 operas
855 3045 887 3108 in
911 3043 1035 3108 fodinis
1056 3044 1261 3130 tnaagaaicis
1279 3063 1361 3106 nun·

279 3167 374 3233 quam
405 3142 518 3210 scabie
554 3145 691 3222 vexari,
731 3143 873 3228 indeque
912 3143 1072 3230 colligens
1102 3157 1135 3207 et
1163 3164 1361 3228 mangonum

278 3251 368 3313 vitae
390 3247 480 3310 acari
503 3242 627 3309 scabiei
650 3243 806 3308 infestum
833 3267 926 3325 csse,
959 3244 1179 3328 hyperoxydo
1206 3245 1363 3329 mangani

277 3371 357 3415 usus
378 3367 468 3427 sum,
492 3345 597 3409 forata
621 3347 780 3430 unguenti
806 3367 848 3408 ex
872 3344 1019 3427 partibus
1043 3344 1146 3409 tribus
1170 3367 1242 3408 curu
1268 3347 1308 3407 16
1330 3367 1359 3428 p.

278 3451 397 3533 adipis,
417 3483 457 3497 --
477 3467 591 3510 verum
615 3443 788 3516 confiteor,
811 3467 862 3508 me
884 3468 949 3510 nun
973 3445 1147 3510 admodum
1169 3464 1361 3526 prosperum

278 3571 468 3618 successum
494 3547 592 3633 bojas
615 3546 753 3610 remedii
777 3559 907 3610 unctum
930 3567 1019 3612 esne.

361 3653 515 3714 Ceterum
537 3649 569 3710 in
593 3647 797 3710 nosocomiis
813 3644 964 3711 Roesicis
987 3660 1154 3734 unguento
1171 3643 1361 3727 sulphurioo

213 3799 224 3816 ,
276 3754 374 3819 unius
398 3752 501 3834 partis
525 3769 596 3813 cnm
619 3761 758 3829 quatuor
781 3769 810 3827 p.
835 3747 941 3828 adipis
966 3746 1016 3810 bis
1039 3745 1186 3829 quotidie
1208 3743 1283 3809 loco
1306 3769 1361 3810 ca·

276 3852 344 3917 lido
381 3864 491 3934 partes
531 3844 705 3912 scabiosae
737 3848 853 3930 inungi
883 3844 1002 3910 solent.
1053 3845 1127 3910 Hoc
1159 3860 1360 3932 unguentum

276 3953 343 4017 illis
367 3947 534 4018 officinale
554 3961 588 4011 et
610 3944 739 4030 publice
763 3945 953 4010 mandatum
974 3959 1035 4010 est.

358 4167 412 4246 24)
455 4165 537 4231 Met.
565 4165 714 4254 Zeitung.
745 4172 838 4235 1843.
868 4168 927 4241 No.
951 4173 1003 4238 25.
