3196 5224
585 491 881 564 ,53-

219 701 297 752 cunt
309 692 369 771 ¹⁴),
381 686 524 751 scabiem
538 709 612 752 esse
629 702 811 773 symptoma
828 690 1006 753 tractionis
1018 692 1165 770 corporis
1179 705 1293 754 contra

218 788 448 865 irritationem,
470 809 565 870 quam
589 808 705 852 auarus
727 789 761 852 in
786 803 860 852 cute
881 792 1121 870 provocaverit,
1144 786 1189 853 illi
1212 811 1291 852 ean·
1316 795 1321 802 “

218 886 290 949 dem
318 889 515 980 sortientium
533 887 643 951 verbis
669 888 766 950 modo
789 887 864 953 aliia
882 889 1063 970 proferunt.
1107 887 1292 978 Bourguig-

219 1007 284 1049 nun
314 1001 437 1050 tantum
470 988 706 1070 quadamtenus
735 990 866 1066 statuit,
901 1003 1074 1070 sarcopten
1105 991 1290 1070 contagium

221 1107 315 1165 esse,
349 1107 487 1170 euntque
509 1087 637 1150 demunt
661 1088 783 1150 diutius
806 1089 1037 1151 corrrmorandc
1060 1107 1132 1151 curn
1156 1105 1293 1168 corpore

217 1183 405 1266 specificata
440 1186 634 1267 principium
667 1187 814 1250 toxicum
848 1187 1090 1252 communicare
1125 1187 1291 1268 opinatum

217 1305 408 1368 quantquam
433 1285 580 1368 plurimis
604 1306 641 1349 aa
674 1284 926 1369 diligentissime
956 1287 1053 1350 iactis
1077 1283 1291 1350 insitionibus

216 1399 389 1465 aarccptae
411 1388 493 1449 satis
520 1399 612 1449 certo
637 1385 842 1465 exploratum
866 1400 934 1463 est,
957 1402 1112 1468 quantum
1137 1385 1292 1465 temporis
1341 1371 1345 1381 ⁸

217 1487 357 1565 spatium
376 1485 599 1549 incubationis
615 1486 756 1548 stadium
777 1483 1019 1567 complectatur.
1057 1483 1144 1548 Huic
1160 1488 1291 1560 rationi,

217 1587 312 1666 quarn
328 1587 413 1648 iuter
431 1597 604 1667 sarcopteu
624 1599 657 1647 et
675 1583 818 1648 scabiem
836 1605 911 1647 asse
926 1586 1023 1648 modo
1038 1585 1198 1663 diximus,
1212 1605 1291 1648 ana-

218 1683 294 1766 loga
318 1698 369 1748 cst
391 1705 448 1761 ea,
468 1705 550 1767 quae
573 1684 715 1748 vibrioni
738 1683 878 1748 lineolae
894 1698 926 1747 et
941 1684 1183 1748 tricbornouadi
1198 1686 1291 1768 vagi-

219 1781 297 1860 nali,
319 1805 402 1866 quae
418 1781 613 1847 animalcula
632 1783 750 1846 llonnd
766 1785 904 1859 invenit,
921 1805 992 1846 cum
1009 1782 1174 1866 syphilide
1191 1786 1292 1848 inter-

218 1884 316 1960 cedit,
340 1895 372 1945 et
393 1884 520 1946 insecta
540 1882 706 1961 cholerae,
728 1885 812 1966 quod
831 1881 978 1945 nonnulli
994 1881 1080 1944 salso
1097 1898 1292 1961 statuerunt,
1348 1887 1351 1892 ’

218 2003 290 2044 cum
315 1979 446 2045 cholera
469 1980 641 2058 orientali,
663 1998 696 2046 et
717 2004 800 2066 quae
820 1984 853 2044 in
877 1979 991 2044 morbo
1014 1979 1185 2063 bombycis
1207 1981 1292 2046 obti-

220 2096 292 2159 net,
314 2103 412 2166 ¹quem
436 2077 933 2167 francogalli„muscardinc“
956 2077 1130 2160 appellant.
1154 2115 1194 2130 -··
1229 2082 1291 2144 lta·

219 2203 280 2264 que
297 2183 393 2244 ctiam
412 2202 504 2244 error
517 2202 581 2244 nou
599 2195 666 2258 est,
685 2183 713 2244 si
728 2195 898 2261 sarcoptes
912 2194 1037 2242 tantum
1055 2177 1193 2257 singulis
1208 2183 1292 2243 cutis

218 2279 301 2344 locis
325 2282 495 2362 reperitur,
517 2279 646 2345 scabies
665 2283 745 2343 vero
764 2301 820 2360 per
837 2293 937 2344 toturn
956 2299 1073 2360 corpus
1087 2279 1207 2341 diflusa
1223 2293 1291 2352 cat3

219 2395 254 2442 ut
265 2381 422 2444 Stennius
440 2392 615 2459 sarcopten
636 2379 779 2444 hominis
799 2394 922 2442 tanturn
942 2380 974 2441 in
994 2379 1117 2442 scabiei
1137 2377 1291 2441 vesiculis

219 2481 251 2542 io
276 2478 425 2544 manibus
449 2477 596 2542 obviisse
618 2480 788 2543 invenisse
808 2480 988 2556 contendit,
1010 2493 1106 2561 atquc
1127 2479 1178 2540 bic
1198 2499 1291 2558 para·
1350 2489 1353 2495 “

219 2582 302 2642 situs
329 2581 534 2661 potissimum
559 2579 591 2642 in
623 2579 772 2642 inanibus
797 2579 1015 2660 pedibusque,
1046 2600 1120 2641 raro
1142 2579 1176 2640 in
1198 2579 1291 2661 geni-

219 2678 296 2756 bus,
327 2701 401 2742 raro
425 2680 458 2741 in
480 2679 576 2742 incisi
601 2678 746 2759 partibus
767 2679 877 2740 sedern
902 2700 992 2739 suam
1019 2675 1126 2740 babet.
1150 2713 1190 2728 -
1221 2679 1291 2742 Ex·

218 2779 409 2858 perimentis
447 2777 798 2860 observationibusque
835 2779 998 2861 ejusmodi
1037 2790 1134 2860 atque
1168 2800 1213 2842 ex
1250 2781 1292 2841 iis

220 2878 360 2941 deducta
390 2878 642 2941 ratiocinatione
671 2891 873 2940 sustentatur
896 2879 993 2940 etiam
1018 2880 1201 2956 sententia,
1231 2901 1292 2941 ev·

219 2993 307 3040 stare
327 2977 470 3042 scabiem
494 2975 813 3055 constitutionalent,
835 2999 918 3060 quae
941 2978 1089 3058 corporis
1113 2979 1291 3060 infectione

220 3091 366 3154 constet,
393 3079 444 3140 cui
467 3077 638 3140 iniecticni
662 3079 789 3158 eruptio
816 3077 940 3140 scabiei
972 3079 1003 3138 in
1027 3090 1100 3140 cute
1124 3079 1290 3140 succedat.

221 3177 293 3250 ilua
317 3199 352 3239 rc
374 3176 455 3239 baec
478 3177 613 3244 iniectio
634 3191 774 3254 constet,
795 3198 858 3260 qua
879 3177 1008 3240 ratione
1030 3177 1178 3257 corporis
1203 3179 1291 3238 succi

221 3277 334 3340 nrrrtati
357 3277 434 3353 siut,
459 3275 554 3340 nobis
573 3277 722 3358 ignotum
746 3290 813 3348 est3
836 3291 1005 3356 sarcoptcs
1029 3274 1216 3338 fucultatem
1241 3277 1291 3336 in·

220 3375 352 3440 ficiendi
376 3374 562 3438 exercenda
594 3375 655 3438 bac
684 3372 839 3438 facultate
871 3396 935 3436 non
960 3375 1097 3449 amittit,
1133 3395 1196 3436 anu
1221 3375 1293 3455 ipsc

136 3537 142 3548 ,
220 3479 252 3540 in
286 3496 456 3540 succorum
490 3475 683 3537 aristionem
708 3475 843 3551 transit,
876 3475 1012 3537 iniectio
1041 3474 1213 3556 sanguinis
1238 3495 1293 3554 per

219 3575 386 3659 katalysin
415 3571 568 3637 efficitur.
614 3572 836 3637 Nihilominus
861 3575 997 3658 sanguis
1021 3571 1162 3635 iniectus
1188 3570 1291 3636 facul·

221 3689 287 3739 tate
314 3672 483 3738 inficiendi
512 3687 615 3747 curet3
650 3695 723 3737 nam
755 3695 838 3756 quae
869 3674 1097 3756 experimenta
1127 3684 1204 3734 ante
1228 3672 1292 3734 duc

220 3776 290 3840 iera
316 3771 426 3838 secula
452 3773 559 3856 lt'ing,
589 3771 734 3858 Augias,
764 3786 797 3835 ct
821 3775 942 3837 nostris
968 3769 1169 3852 temporibus
1193 3770 1291 3836 Hert·

222 3877 349 3959 tvig¹‘)
370 3875 410 3936 ad
432 3871 624 3938 solvendam
646 3875 884 3956 quaestionum,
907 3894 982 3936 num
1003 3871 1140 3954 sanguis
1162 3868 1292 3933 scabio-

220 3995 331 4040 sorum
355 3971 490 4037 inliccre
513 3971 639 4050 valcat,
673 3974 903 4051 instituerunt,
940 3975 970 4035 ei
996 3972 1079 4034 banc
1103 3967 1291 4034 luctrltatem

303 4215 358 4286 tt)
397 4208 606 4274 Deutacbbeiu
627 4211 648 4272 1.
671 4193 694 4275 l.
723 4233 755 4294 p.
777 4211 829 4274 43.

302 4313 357 4388 15)
398 4307 538 4392 lllsgsziu
567 4311 615 4375 iirr
645 4311 695 4375 die
719 4320 881 4394 gsaammtc
908 4309 1180 4376 Tlrierbeillruude.
1228 4307 1291 4372 Brl.

219 4396 291 4457 iaec.
316 4389 341 4457 l·
375 4414 407 4475 p.
428 4395 500 4457 tta
