3196 5224
620 519 843 590 ..5-

196 723 290 790 modo
317 724 349 790 in
380 743 498 809 magna
523 743 699 792 nervorum
729 723 923 810 systematis
950 705 1171 792 irritabilitate
1198 727 1273 792 eni-

195 883 259 946 gua
286 861 446 962 quaedam
472 864 683 946 cognoscitur
709 861 878 948 exaltatio,
904 859 1094 928 animalibus
1114 868 1148 926 et
1165 862 1273 928 nntri-

194 999 292 1064 tionis
318 1001 444 1088 paritcr
470 1006 570 1085 atque
595 999 716 1099 ingenii
742 1003 776 1064 ct
802 997 921 1064 mentis
946 997 1163 1064 functionibus
1187 999 1271 1064 nullo
1334 1023 1337 1030 ·

193 1133 289 1203 modo
320 1135 472 1203 turbatis.
506 1174 557 1186 -
594 1135 691 1202 llaec
724 1135 797 1202 lere
831 1134 930 1200 solita
965 1139 1018 1201 est
1058 1139 1094 1201 et
1123 1133 1271 1218 vulgaris

194 1241 434 1338 oxnntlrematis
466 1273 561 1340 istius
595 1273 720 1359 imago,
756 1269 843 1357 qnod
876 1269 1013 1357 vulgus,
1047 1269 1077 1336 si
1112 1287 1153 1335 ea
1177 1289 1271 1356 quarn

194 1409 433 1501 descripsimus
460 1409 565 1474 torma
592 1407 734 1490 viderit,
763 1405 889 1472 scabiei
912 1406 1041 1472 nomine
1062 1406 1269 1497 appellatum,

193 1563 234 1611 cx
264 1547 416 1629 contagio
450 1552 556 1611 ortum
588 1541 669 1610 esse
706 1544 878 1636 ipsumque
912 1541 1140 1625 contagionem
1173 1541 1271 1610 latius

193 1698 381 1772 propagare
409 1687 544 1772 cense13
574 1679 647 1747 dum
672 1678 869 1746 medicorum
895 1685 960 1766 cst,
986 1697 1057 1745 rem
1082 1677 1268 1762 diligentius

192 1795 343 1882 continua
361 1817 599 1884 observatione
618 1815 762 1882 adhibita
780 1815 1026 1902 microscopicis
1049 1813 1269 1901 chemicisque

191 1953 371 2018 rationibus
397 1953 601 2036 investigare
630 1950 703 2018 dum
731 1955 855 2018 certum
880 1949 923 2017 de
945 1951 999 2016 illa
1011 1949 1168 2034 judicium
1187 1951 1269 2022 ferri

191 2106 295 2174 posse
321 2089 496 2154 existimet.

291 2223 483 2290 l’rimarium
514 2229 624 2291 autern
654 2243 717 2312 quo
754 2243 795 2290 ea
826 2224 990 2310 inquisitio
1021 2223 1177 2314 innitaluq
1208 2243 1267 2290 ar-

189 2335 373 2444 gumentum
425 2359 606 2427 animalculi
653 2361 845 2428 inventione
895 2364 1036 2453 positum
1082 2370 1155 2452 est,
1203 2383 1267 2451 quo

190 2501 326 2587 reperto
366 2501 460 2562 certa
498 2493 540 2563 do
577 2497 691 2563 scabie
725 2497 895 2582 diagnosis
930 2497 1016 2565 haud
1053 2499 1150 2568 dubie
1183 2519 1267 2568 con·

188 2634 278 2738 stilui
321 2640 445 2720 potest.
521 2635 605 2703 Nam
650 2641 785 2726 praeter
830 2637 970 2728 papulas
1014 2637 1123 2725 istas,
1169 2637 1266 2714 vesi-

189 2771 347 2856 culasque
385 2776 419 2836 ct
449 2773 615 2861 pustulas,
650 2791 783 2860 quornm
815 2773 912 2842 modo
948 2774 1140 2842 mentionem
1176 2775 1266 2857 inje-

188 2905 326 2992 cimus„
349 2907 432 2973 cutis
474 2907 651 2993 superficie
694 2910 881 2976 accurratius
921 2911 1090 2998 inspecta,
1134 2909 1166 2976 in
1202 2909 1265 2998 iis,

187 3059 273 3128 qnam
299 3041 503 3110 frictionibus
527 3045 631 3111 minus
661 3043 803 3112 obnoxia
829 3051 905 3112 sunt
932 3046 1035 3134 locis,
1069 3045 1102 3111 in
1129 3043 1265 3132 epider-
1352 3007 1356 3016 ¹

186 3177 272 3244 mide
298 3179 438 3245 lineolas
471 3183 607 3268 tenues,
640 3180 758 3246 leniter
791 3181 991 3270 insinnataS,
1024 3181 1264 3252 subrubicundo

187 3319 241 3383 vel
270 3315 377 3384 nlbido
403 3318 515 3387 colore
543 3319 662 3384 tinctas
688 3335 897 3402 cognoscere
922 3317 1017 3405 licet,
1052 3317 1108 3382 ubi
1132 3316 1161 3384 si
1185 3335 1264 3384 acus

185 3453 344 3518 tenuioris
377 3471 512 3518 acumen
544 3453 605 3518 sub
637 3450 891 3546 epidermidem,
930 3469 1026 3538 quam
1055 3452 1113 3517 vix
1145 3449 1265 3519 editam
1304 3461 1306 3466 “

187 3605 266 3656 esse
293 3588 437 3678 dixeris,
463 3589 637 3676 immittas,
668 3589 740 3656 loco
768 3590 822 3676 qui
850 3593 1003 3680 punctum
1027 3586 1122 3654 modo
1147 3586 1264 3654 subni-

185 3743 278 3810 gram
310 3724 405 3793 modo
445 3724 654 3792 rubicundum
693 3727 840 3793 offerens
876 3723 1037 3818 paululum
1075 3723 1263 3814 prominere

185 3863 395 3958 perhibetur,
430 3863 654 3928 animalculum
677 3859 839 3948 quoddam
859 3857 1140 3959 deprehenditur,
1177 3856 1264 3944 quod

185 3998 260 4068 inde
294 4005 478 4067 extractum
507 4001 671 4093 extemplo
709 3999 852 4067 motione
885 3999 1127 4065 extremitatum
1152 3998 1264 4066 vivum

186 4154 268 4203 esse
306 4136 528 4219 cognoscitur.
590 4134 646 4224 ld,
681 4133 724 4201 ad
762 4133 961 4203 arachnidas
997 4109 1262 4222 adnuni'eratum,

182 4271 312 4338 nomine
329 4269 518 4361 Sarcoptao
540 4269 677 4337 hominis
696 4269 900 4365 adpellatnr3
926 4274 1021 4358 cujus
1039 4279 1159 4361 tamen,
1177 4269 1265 4338 inira

183 4409 277 4476 loeus
315 4409 398 4498 erit,
435 4408 488 4475 ubi
522 4408 780 4504 descriptionem
816 4407 1053 4495 diligentiorem
1090 4407 1263 4476 addamus.
