3196 5224
738 485 989 560 ..20-

328 703 369 754 eo
394 689 569 778 excellunt,
594 688 681 778 quod
704 689 810 780 liquor
835 707 933 778 quem
948 689 1116 758 continent
1132 689 1279 760 colorem
1295 705 1404 778 qucu-

326 823 399 896 dauu
438 823 608 896 sordidum
651 823 876 915 turbidumque
912 825 976 894 sibi
1014 825 1217 920 peculiarem
1257 823 1406 894 vindicat

325 963 505 1052 areolaqne
537 962 746 1049 circumjecta
779 965 865 1032 satis
898 963 1005 1052 ampla
1036 968 1091 1032 est
1118 970 1218 1052 atquc
1243 964 1405 1032 universa

325 1101 410 1170 cutis
449 1104 549 1192 pleon
588 1102 681 1170 succi
717 1120 799 1174 esse
832 1099 975 1170 videtur.
1033 1097 1128 1186 Quae
1163 1100 1336 1194 pustulae,
1372 1099 1406 1168 ai

324 1236 454 1328 quidem
481 1257 591 1308 rerum
618 1237 760 1308 conditio
788 1235 976 1328 adjuverit,
1006 1238 1105 1306 incito
1132 1239 1300 1308 ulceribus
1327 1236 1403 1308 ior·

232 1346 236 1354 ’
322 1373 450 1444 mandis
477 1393 594 1448 ausam
621 1374 794 1463 praebent.

314 1597 318 1606 Ι
422 1507 459 1580 4.
511 1509 655 1582 Scabies
676 1510 877 1602 cachcctica,
903 1513 1074 1599 aurigatis,
1095 1515 1196 1600 uulgo
1214 1511 1403 1584 scoruuuru

321 1651 498 1720 nominata.
551 1645 714 1744 Corporis
747 1649 935 1720 constitutio
973 1667 1069 1738 quum
1101 1655 1158 1720 est
1187 1647 1401 1738 dyscrasica,

320 1787 522 1880 praesertin
552 1787 585 1854 in
612 1787 735 1856 vitiosa
761 1787 906 1862 ciborum
933 1793 1136 1884 sumptorum
1161 1789 1402 1860 assimilatione

321 1926 557 2016 sanguinisque
582 1927 790 2017 formatione,
814 1926 847 1992 iu
874 1931 950 1994 cato
967 1925 1010 2016 olo
1027 1925 1103 1994 illas
1121 1944 1246 1996 causas
1262 1944 1400 2018 aspera,

320 2063 411 2133 sicca
440 2051 476 2132 et
499 2065 584 2136 maie
608 2063 738 2149 olente,
770 2060 910 2152 denique
933 2063 966 2130 iu
990 2079 1109 2148 magua
1139 2061 1336 2136 immunditie
1359 2081 1401 2135 ac

318 2201 476 2292 squalore
500 2202 680 2271 scabiosos
705 2201 846 2290 pupulas
868 2199 955 2268 cotis
979 2217 1086 2287 prope
1110 2199 1219 2268 altera
1240 2197 1284 2270 ad
1309 2199 1399 2268 altc-

318 2355 389 2406 raru
420 2339 508 2408 sitae
536 2345 731 2429 cernuntur,
762 2339 876 2408 areola
909 2337 1032 2406 eoloris
1056 2337 1189 2406 intense
1211 2337 1303 2406 rubri
1327 2335 1399 2404 cir-

318 2473 503 2546 cumdatae.
554 2477 710 2566 Bassos,
743 2479 794 2545 oui
818 2477 939 2564 papula
962 2474 1117 2544 scabiosa
1146 2473 1314 2564 inliceret,
1343 2472 1397 2539 in-

250 2617 253 2622 '
283 2612 536 2698 ,tumescentia
568 2613 692 2682 sensim
720 2630 761 2682 ac
787 2611 942 2707 pnulctim
966 2609 1123 2700 adaucta,
1154 2608 1305 2681 nudulum
1331 2629 1397 2678 cr·

316 2748 420 2840 tollit,
452 2746 595 2837 indeque
628 2749 726 2844 ipsa,
760 2751 793 2817 in
824 2749 1096 2843 suppurationem
1129 2748 1266 2838 abiens,
1298 2747 1398 2843 parui

317 2885 478 2954 sorunculi
517 2887 551 2953 in
586 2887 765 2980 superlicio
797 2887 898 2978 positi
930 2887 1080 2982 speciem
1112 2903 1196 2982 prae
1228 2905 1270 2954 sc
1302 2885 1396 2956 terre

315 3024 421 3118 soletq
447 3043 511 3114 qno
537 3022 667 3114 quidem
693 3023 729 3092 vi
756 3023 864 3112 aliqua
891 3027 1030 3095 externa
1058 3021 1202 3107 divulso,
1229 3041 1294 3118 pus
1318 3019 1395 3092 inde

315 3162 482 3252 emittitur,
501 3157 589 3250 quod
606 3161 813 3246 congustum
830 3161 996 3228 crustulas
1014 3165 1143 3251 turpes,
1167 3159 1281 3229 colore
1298 3160 1394 3231 lusco

312 3308 371 3370 aut
395 3300 512 3392 viridi,
549 3306 585 3369 ot
611 3298 835 3370 crassitudine
857 3295 944 3366 lraud
969 3295 1127 3366 mediocri
1154 3295 1328 3385 praeditas
1353 3315 1394 3368 ac

312 3456 554 3528 saepenumero
580 3437 666 3508 satis
692 3437 760 3505 late
787 3441 895 3504 cutem
920 3435 1132 3525 obtegentes,
1159 3435 1272 3506 afficit.
1416 3493 1419 3500 ⁴

411 3573 447 3646 5.
500 3575 646 3648 Scabies
671 3573 799 3668 rhypis.
842 3573 939 3643 llaec
965 3574 1128 3659 varietus,
1155 3573 1303 3644 omuibus
1330 3589 1393 3642 ce·

310 3711 394 3782 teria
418 3713 519 3800 longo
544 3710 769 3800 fastidiosior,
808 3709 990 3805 praecipue
1015 3709 1047 3776 iu
1072 3708 1284 3780 inferioribus
1310 3731 1391 3786 cut·-
1447 3717 1448 3720 ’

310 3870 426 3948 porum
462 3850 647 3930 diutissimo
681 3847 839 3918 sordibus
874 3849 1091 3938 squalentium
1127 3848 1390 3922 extremitatibus

309 3987 484 4057 iuvenitur.
535 3987 689 4057 dieculae
715 3986 828 4054 colore
854 3985 1074 4056 tusca-rutro
1098 3987 1234 4074 duone,
1260 3987 1389 4078 ecdem,

309 4129 411 4213 atque
444 4123 576 4194 dimidiu
614 4131 672 4194 out
712 4121 819 4194 solida
859 4139 987 4210 copeca
1023 4121 1247 4209 mcrmodim
1283 4141 1389 4220 prae-

308 4259 398 4332 ditae
444 4262 640 4352 exsistunt,
690 4259 806 4349 quinus
857 4261 991 4350 pustula
1034 4259 1159 4336 insidet
1208 4262 1395 4368 scabiosa,

307 4416 412 4492 quac,
436 4397 558 4486 insigni
581 4400 755 4471 celeritate
780 4419 1003 4496 accrescens,
1032 4419 1096 4499 pus
1123 4399 1270 4472 discolor
1295 4399 1388 4488 ejicit
