3196 5224
750 529 1000 598 ...12-

339 725 558 828 Herrwigll)
596 689 741 801 scabiem
778 733 820 800 ibi
854 735 996 824 reperiri
1031 734 1157 800 omuino
1196 741 1339 824 negaui,
1372 739 1420 806 ita

338 865 521 964 Rolrde¹⁷)
551 873 690 958 papulas
726 873 811 939 istas
845 871 908 936 sibi
939 872 972 935 iu
1002 869 1135 937 vetulae
1159 871 1303 936 mulieris
1331 888 1420 954 gena

339 1006 542 1074 observatas
570 1025 650 1073 esse
677 1007 806 1099 relerl5
841 975 986 1075 attamen
1011 1026 1053 1075 ea
1075 1011 1109 1075 iu
1133 1027 1171 1075 re
1195 1027 1260 1094 uop
1287 1011 1419 1078 silentio

340 1142 617 1233 praetercundum
642 1146 716 1232 erit,
743 1144 939 1211 exanthema
964 1143 1092 1233 quidem
1116 1163 1256 1231 perraro
1280 1146 1312 1211 iu
1332 1147 1419 1212 tocie
1542 1194 1545 1198 -

338 1282 469 1348 obvium
501 1299 603 1369 csse,
637 1287 818 1372 sarccpteu
852 1285 961 1347 autom
994 1276 1172 1347 crebro'iu
1198 1287 1307 1348 meula
1334 1299 1419 1348 cou-

237 1403 243 1412 ’
339 1417 423 1506 spici
449 1418 573 1484 solere.
628 1413 732 1498 Quum
761 1416 855 1503 euim,
880 1417 976 1482 sicuti
999 1415 1084 1482 iutra
1112 1417 1307 1504 videbimus,
1336 1434 1416 1484 sca·

338 1551 410 1618 bles
438 1571 498 1638 per
531 1553 715 1635 contagium
746 1551 843 1616 lixum
877 1558 1099 1643 propagetur,
1137 1553 1417 1640 ullamcorporis

339 1689 529 1775 superficiei
563 1695 689 1776 partem
726 1691 892 1754 immunem
920 1705 1000 1753 esse
1026 1706 1199 1756 assumere
1226 1707 1292 1755 uou
1320 1688 1415 1774 licet,

341 1843 425 1912 quae
452 1826 617 1891 sententia
642 1824 703 1891 hoc
729 1843 857 1914 quoque
881 1825 1064 1894 confirmari
1089 1832 1218 1918 potest,
1244 1826 1329 1916 quod
1354 1845 1415 1894 sa·

343 1966 387 2029 tis
415 1965 605 2052 frequenter
629 1962 799 2031 observati
824 1964 956 2028 suerunt
981 1981 1082 2028 casus
1109 1962 1162 2029 ubi
1188 1965 1219 2028 iu
1236 1962 1417 2030 homiuibus

339 2099 484 2166 sordidis
508 2102 641 2167 scabies
668 2107 735 2167 toto
764 2117 906 2187 corpore
929 2099 1086 2192 dispersa
1103 2106 1309 2188 cerneretur,
1335 2117 1414 2166 sar-

313 2233 435 2323 'coptc
464 2242 571 2304 tamen
600 2239 631 2303 iu
663 2243 777 2304 trunco
811 2257 876 2304 uon
901 2238 1045 2324 iuvculo.
1071 2273 1120 2290 —-
1155 2238 1232 2304 Nou
1256 2237 1414 2304 silendum

337 2393 465 2464 quoque
492 2380 547 2438 cst
580 2371 623 2438 de
651 2373 887 2440 observatione
913 2373 1079 2462 Wilsoui,
1114 2375 1167 2462 qui
1201 2374 1263 2439 sibi
1287 2369 1414 2456 coguo-
1463 2421 1466 2427 .
1535 2357 1543 2368 ⁰

337 2512 431 2579 visse
456 2497 607 2594 violetur,
635 2511 787 2602 papulam
816 2508 1002 2576 scabiosam
1028 2509 1059 2573 iu
1088 2508 1236 2576 faciebus
1264 2509 1413 2576 laterali-

336 2649 396 2714 bus
423 2648 596 2732 digitorum
629 2649 736 2732 magis
769 2649 916 2714 conicum
950 2652 984 2712 et
1014 2644 1246 2732 acuminatam,
1279 2646 1310 2710 in
1339 2646 1414 2712 aliis

335 2793 448 2854 contra
473 2787 624 2871 corporis
657 2784 822 2878 partibus,
858 2783 1058 2869 praesertim
1091 2781 1122 2846 iu
1154 2797 1301 2848 manorum
1327 2783 1412 2847 arli-

334 2924 427 3008 culis,
445 2923 560 3006 ¹magis
584 2919 754 2987 rotundam
774 2923 896 2985 offerre
915 2919 1071 3004 speciem.
1120 2913 1279 2998 Quantum
1297 2918 1412 3003 Raycr

334 3059 551 3144 observavit,
590 3059 622 3123 iu
654 3055 831 3122 infantibus
865 3055 997 3121 scabies
1035 3053 1173 3120 omnium
1208 3054 1343 3138 primum
1379 3055 1410 3119 iu

332 3196 461 3264 uatibus
487 3203 637 3281 apparat.
661 3232 700 3244 -
725 3189 819 3259 Cutis
845 3194 919 3260 loca
943 3188 1122 3257 laborando
1148 3188 1287 3276 aliisque
1306 3207 1409 3256 oaus-

270 3410 273 3414 ,
333 3335 381 3400 sis
410 3297 615 3422 incrassata,
652 3349 692 3398 ac
719 3333 844 3417 pariter
867 3332 1020 3420 plamae,
1047 3330 1105 3394 vix
1133 3313 1272 3415 uuquam
1296 3325 1409 3396 soalaic

258 3469 261 3475 '
332 3473 451 3535 allecta
478 3469 696 3533 inveniantur.

432 3608 577 3694 Tempus
603 3623 663 3690 per
688 3601 773 3690 quod
799 3604 948 3687 singulae
973 3602 1101 3670 scabiei
1119 3601 1258 3690 papulae
1277 3599 1407 3688 durant,

331 3763 394 3810 uon
422 3746 467 3810 ita
500 3743 628 3828 longum
655 3749 725 3834 est3
763 3744 951 3828 plerumque
977 3757 1041 3806 nou
1067 3743 1200 3803 mouent
1223 3739 1285 3826 uisi
1311 3739 1407 3824 quoiu-

410 4129 464 4206 16)
507 4129 598 4193 Gurlt
625 4136 685 4194 uod
709 4131 866 4218 Herlwig‚
899 4134 994 4216 vcrgl.
1018 4088 1154 4196 Uolerss.
1182 4135 1233 4196 ul.
1260 4135 1288 4194 (1.
1310 4131 1404 4195 Haut.

328 4229 377 4289 2ta
401 4229 481 4295 Aull.
524 4229 607 4294 Berl.
631 4236 724 4296 1844.
768 4257 800 4316 p.
822 4236 875 4296 30.

410 4333 463 4409 17)
507 4333 543 4392 de
567 4335 667 4394 scabie
694 4338 723 4396 at
745 4355 831 4398 acaro
854 4338 983 4398 humano
1006 4336 1081 4397 dira.
1107 4337 1149 4400 iu.
1182 4333 1287 4424 Batoi.
1311 4333 1404 4398 1836.

257 4515 262 4528 Ι
327 4451 397 4513 pag.
421 4433 452 4494 7.
