<?xml version="1.0" encoding="UTF-8"?>
<!DOCTYPE html PUBLIC "-//W3C//DTD XHTML 1.0 Transitional//EN"
    "http://www.w3.org/TR/xhtml1/DTD/xhtml1-transitional.dtd">
<html xmlns="http://www.w3.org/1999/xhtml" xml:lang="en" lang="en">
 <head>
  <title>
</title>
<meta http-equiv="Content-Type" content="text/html;charset=utf-8" />
  <meta name='ocr-system' content='tesseract 3.04.00' />
  <meta name='ocr-capabilities' content='ocr_page ocr_carea ocr_par ocr_line ocrx_word'/>
</head>
<body>
  <div class='ocr_page' id='page_1' title='image "./descabiehumana00schugoog_0040.png"; bbox 0 0 3196 5224; ppageno 0'>
   <div class='ocr_carea' id='block_1_1' title="bbox 603 497 853 574">
    <p class='ocr_par' dir='ltr' id='par_1_1' title="bbox 603 497 853 574">
     <span class='ocr_line' id='line_1_1' title="bbox 603 497 853 574; baseline 0.004 -22"><span class='ocrx_word' id='word_1_1' title='bbox 603 497 853 574; x_wconf 67' lang='lat'>...37-</span> 
     </span>
    </p>
   </div>
   <div class='ocr_carea' id='block_1_2' title="bbox 283 707 1269 799">
    <p class='ocr_par' dir='ltr' id='par_1_2' title="bbox 283 707 1269 799">
     <span class='ocr_line' id='line_1_2' title="bbox 283 707 1269 799; baseline -0.003 -21"><span class='ocrx_word' id='word_1_2' title='bbox 283 708 496 796; x_wconf 86' lang='lat' dir='ltr'><strong>Perjucundu</strong></span> <span class='ocrx_word' id='word_1_3' title='bbox 531 714 566 776; x_wconf 92' lang='lat' dir='ltr'><strong>et</strong></span> <span class='ocrx_word' id='word_1_4' title='bbox 599 726 683 799; x_wconf 89' lang='lat' dir='ltr'><strong>quac</strong></span> <span class='ocrx_word' id='word_1_5' title='bbox 707 725 821 774; x_wconf 90' lang='lat' dir='ltr'><strong>aream</strong></span> <span class='ocrx_word' id='word_1_6' title='bbox 847 707 1095 796; x_wconf 82' lang='lat' dir='ltr'><strong>quaestiouibus</strong></span> <span class='ocrx_word' id='word_1_7' title='bbox 1120 707 1269 776; x_wconf 89' lang='lat' dir='ltr'><strong>latiorem</strong></span> 
     </span>
    </p>
   </div>
   <div class='ocr_carea' id='block_1_3' title="bbox 185 843 1405 941">
    <p class='ocr_par' dir='ltr' id='par_1_3' title="bbox 185 843 1405 941">
     <span class='ocr_line' id='line_1_3' title="bbox 185 843 1405 941; baseline -0.006 -26"><span class='ocrx_word' id='word_1_8' title='bbox 185 846 379 941; x_wconf 75' lang='lat' dir='ltr'><strong>suppeditet</strong></span> <span class='ocrx_word' id='word_1_9' title='bbox 411 846 603 914; x_wconf 83' lang='lat' dir='ltr'><strong>observatio</strong></span> <span class='ocrx_word' id='word_1_10' title='bbox 638 849 692 911; x_wconf 90' lang='lat' dir='ltr'><strong>est</strong></span> <span class='ocrx_word' id='word_1_11' title='bbox 724 843 852 911; x_wconf 90' lang='lat' dir='ltr'><strong>scabiei</strong></span> <span class='ocrx_word' id='word_1_12' title='bbox 883 843 916 909; x_wconf 88' lang='lat' dir='ltr'><strong>in</strong></span> <span class='ocrx_word' id='word_1_13' title='bbox 945 861 1089 937; x_wconf 87' lang='lat' dir='ltr'><strong>corpore</strong></span> <span class='ocrx_word' id='word_1_14' title='bbox 1118 845 1266 934; x_wconf 90' lang='lat' dir='ltr'><strong>animali,</strong></span> <span class='ocrx_word' id='word_1_15' title='bbox 1401 887 1405 898; x_wconf 85' lang='lat'>.</span> 
     </span>
    </p>
   </div>
   <div class='ocr_carea' id='block_1_4' title="bbox 184 978 1267 1366">
    <p class='ocr_par' dir='ltr' id='par_1_4' title="bbox 184 978 1267 1366">
     <span class='ocr_line' id='line_1_4' title="bbox 185 978 1266 1079; baseline 0.004 -30"><span class='ocrx_word' id='word_1_16' title='bbox 185 985 388 1079; x_wconf 87' lang='lat' dir='ltr'><strong>praesertim</strong></span> <span class='ocrx_word' id='word_1_17' title='bbox 414 985 444 1049; x_wconf 92' lang='lat' dir='ltr'><strong>in</strong></span> <span class='ocrx_word' id='word_1_18' title='bbox 470 981 617 1048; x_wconf 89' lang='lat' dir='ltr'><strong>diversis</strong></span> <span class='ocrx_word' id='word_1_19' title='bbox 643 978 822 1067; x_wconf 83' lang='lat' dir='ltr'>pecudibus</span> <span class='ocrx_word' id='word_1_20' title='bbox 850 981 1060 1071; x_wconf 83' lang='lat' dir='ltr'><strong>domesticis,</strong></span> <span class='ocrx_word' id='word_1_21' title='bbox 1093 983 1266 1074; x_wconf 85' lang='lat' dir='ltr'><strong>inquibus</strong></span> 
     </span>
     <span class='ocr_line' id='line_1_5' title="bbox 184 1118 1264 1216; baseline 0 -28"><span class='ocrx_word' id='word_1_22' title='bbox 184 1121 267 1188; x_wconf 88' lang='lat' dir='ltr'><strong>solis</strong></span> <span class='ocrx_word' id='word_1_23' title='bbox 292 1139 334 1214; x_wconf 84' lang='lat' dir='ltr'><strong>ex</strong></span> <span class='ocrx_word' id='word_1_24' title='bbox 362 1125 431 1187; x_wconf 86' lang='lat' dir='ltr'><strong>toto</strong></span> <span class='ocrx_word' id='word_1_25' title='bbox 457 1119 640 1188; x_wconf 86' lang='lat' dir='ltr'><strong>animalium</strong></span> <span class='ocrx_word' id='word_1_26' title='bbox 668 1137 775 1204; x_wconf 81' lang='lat' dir='ltr'>grege</span> <span class='ocrx_word' id='word_1_27' title='bbox 809 1118 850 1189; x_wconf 91' lang='lat' dir='ltr'><strong>ad</strong></span> <span class='ocrx_word' id='word_1_28' title='bbox 886 1119 949 1187; x_wconf 89' lang='lat' dir='ltr'><strong>boo</strong></span> <span class='ocrx_word' id='word_1_29' title='bbox 973 1127 1105 1216; x_wconf 90' lang='lat' dir='ltr'><strong>tempus</strong></span> <span class='ocrx_word' id='word_1_30' title='bbox 1131 1121 1264 1188; x_wconf 81' lang='lat' dir='ltr'>morbus</span> 
     </span>
     <span class='ocr_line' id='line_1_6' title="bbox 185 1253 1267 1366; baseline 0.004 -44"><span class='ocrx_word' id='word_1_31' title='bbox 185 1255 240 1322; x_wconf 89' lang='lat' dir='ltr'><strong>itte</strong></span> <span class='ocrx_word' id='word_1_32' title='bbox 269 1263 472 1347; x_wconf 87' lang='lat' dir='ltr'><strong>conspectus</strong></span> <span class='ocrx_word' id='word_1_33' title='bbox 498 1263 562 1324; x_wconf 90' lang='lat' dir='ltr'><strong>est.</strong></span> <span class='ocrx_word' id='word_1_34' title='bbox 614 1253 825 1366; x_wconf 75' lang='lat' dir='ltr'><strong>concedatur</strong></span> <span class='ocrx_word' id='word_1_35' title='bbox 858 1257 1007 1324; x_wconf 90' lang='lat' dir='ltr'><strong>animalia</strong></span> <span class='ocrx_word' id='word_1_36' title='bbox 1033 1275 1095 1346; x_wconf 89' lang='lat' dir='ltr'><strong>ea,</strong></span> <span class='ocrx_word' id='word_1_37' title='bbox 1131 1278 1267 1347; x_wconf 84' lang='lat' dir='ltr'><strong>quorum</strong></span> 
     </span>
    </p>
   </div>
   <div class='ocr_carea' id='block_1_5' title="bbox 182 1390 1384 1486">
    <p class='ocr_par' dir='ltr' id='par_1_5' title="bbox 182 1390 1384 1486">
     <span class='ocr_line' id='line_1_7' title="bbox 182 1390 1384 1486; baseline 0 -26"><span class='ocrx_word' id='word_1_38' title='bbox 182 1396 274 1460; x_wconf 85' lang='lat' dir='ltr'><strong>vitae</strong></span> <span class='ocrx_word' id='word_1_39' title='bbox 300 1393 558 1462; x_wconf 87' lang='lat' dir='ltr'><strong>consuetudines</strong></span> <span class='ocrx_word' id='word_1_40' title='bbox 581 1400 616 1460; x_wconf 92' lang='lat' dir='ltr'><strong>et</strong></span> <span class='ocrx_word' id='word_1_41' title='bbox 644 1392 803 1460; x_wconf 86' lang='lat' dir='ltr'><strong>domicilio</strong></span> <span class='ocrx_word' id='word_1_42' title='bbox 828 1390 922 1459; x_wconf 91' lang='lat' dir='ltr'><strong>bomo</strong></span> <span class='ocrx_word' id='word_1_43' title='bbox 949 1393 1086 1486; x_wconf 89' lang='lat' dir='ltr'><strong>imperio</strong></span> <span class='ocrx_word' id='word_1_44' title='bbox 1112 1413 1173 1462; x_wconf 88' lang='lat' dir='ltr'><strong>suo</strong></span> <span class='ocrx_word' id='word_1_45' title='bbox 1198 1393 1263 1462; x_wconf 93' lang='lat' dir='ltr'><strong>ad·</strong></span> <span class='ocrx_word' id='word_1_46' title='bbox 1382 1459 1384 1468; x_wconf 20' lang='grc' dir='ltr'><em>Α</em></span> 
     </span>
    </p>
   </div>
   <div class='ocr_carea' id='block_1_6' title="bbox 174 1529 1286 3650">
    <p class='ocr_par' dir='ltr' id='par_1_6' title="bbox 174 1529 1286 3650">
     <span class='ocr_line' id='line_1_8' title="bbox 182 1529 1262 1622; baseline 0.004 -27"><span class='ocrx_word' id='word_1_47' title='bbox 182 1529 243 1596; x_wconf 91' lang='lat' dir='ltr'><strong>buc</strong></span> <span class='ocrx_word' id='word_1_48' title='bbox 267 1549 330 1595; x_wconf 89' lang='lat' dir='ltr'><strong>non</strong></span> <span class='ocrx_word' id='word_1_49' title='bbox 357 1533 463 1622; x_wconf 84' lang='lat' dir='ltr'><strong>potuit</strong></span> <span class='ocrx_word' id='word_1_50' title='bbox 486 1531 665 1615; x_wconf 86' lang='lat' dir='ltr'><strong>subjicere,</strong></span> <span class='ocrx_word' id='word_1_51' title='bbox 692 1533 748 1598; x_wconf 89' lang='lat' dir='ltr'><strong>uti·</strong></span> <span class='ocrx_word' id='word_1_52' title='bbox 763 1532 890 1598; x_wconf 91' lang='lat' dir='ltr'><strong>omnino</strong></span> <span class='ocrx_word' id='word_1_53' title='bbox 915 1532 1023 1601; x_wconf 86' lang='lat' dir='ltr'><strong>rarius</strong></span> <span class='ocrx_word' id='word_1_54' title='bbox 1048 1533 1171 1602; x_wconf 82' lang='lat' dir='ltr'><strong>morbis</strong></span> <span class='ocrx_word' id='word_1_55' title='bbox 1199 1533 1262 1599; x_wconf 92' lang='lat' dir='ltr'><strong>ob-</strong></span> 
     </span>
     <span class='ocr_line' id='line_1_9' title="bbox 182 1667 1262 1758; baseline 0.006 -27"><span class='ocrx_word' id='word_1_56' title='bbox 182 1667 280 1732; x_wconf 84' lang='lat' dir='ltr'><strong>noxia</strong></span> <span class='ocrx_word' id='word_1_57' title='bbox 307 1685 399 1755; x_wconf 88' lang='lat' dir='ltr'><strong>esse,</strong></span> <span class='ocrx_word' id='word_1_58' title='bbox 426 1667 471 1736; x_wconf 88' lang='lat' dir='ltr'><strong>ita</strong></span> <span class='ocrx_word' id='word_1_59' title='bbox 496 1667 644 1754; x_wconf 83' lang='lat' dir='ltr'><strong>parasito</strong></span> <span class='ocrx_word' id='word_1_60' title='bbox 671 1668 717 1732; x_wconf 93' lang='lat' dir='ltr'><strong>illi</strong></span> <span class='ocrx_word' id='word_1_61' title='bbox 742 1669 937 1752; x_wconf 82' lang='lat' dir='ltr'><strong>contagioso</strong></span> <span class='ocrx_word' id='word_1_62' title='bbox 960 1671 1013 1758; x_wconf 87' lang='lat' dir='ltr'><strong>qui</strong></span> <span class='ocrx_word' id='word_1_63' title='bbox 1040 1678 1152 1736; x_wconf 81' lang='lat' dir='ltr'><strong>aerem</strong></span> <span class='ocrx_word' id='word_1_64' title='bbox 1175 1669 1262 1737; x_wconf 88' lang='lat' dir='ltr'><strong>libe-</strong></span> 
     </span>
     <span class='ocr_line' id='line_1_10' title="bbox 181 1802 1262 1896; baseline 0.005 -28"><span class='ocrx_word' id='word_1_65' title='bbox 181 1822 251 1868; x_wconf 90' lang='lat' dir='ltr'><strong>rum</strong></span> <span class='ocrx_word' id='word_1_66' title='bbox 270 1809 384 1896; x_wconf 88' lang='lat' dir='ltr'><strong>purum</strong></span> <span class='ocrx_word' id='word_1_67' title='bbox 413 1802 631 1870; x_wconf 79' lang='lat' dir='ltr'><strong>reformidare</strong></span> <span class='ocrx_word' id='word_1_68' title='bbox 656 1803 787 1870; x_wconf 89' lang='lat' dir='ltr'><strong>videtur</strong></span> <span class='ocrx_word' id='word_1_69' title='bbox 810 1804 917 1872; x_wconf 90' lang='lat' dir='ltr'><strong>rarius</strong></span> <span class='ocrx_word' id='word_1_70' title='bbox 942 1805 1105 1889; x_wconf 82' lang='lat' dir='ltr'><strong>retugium</strong></span> <span class='ocrx_word' id='word_1_71' title='bbox 1128 1805 1262 1896; x_wconf 86' lang='lat' dir='ltr'><strong>aperire</strong></span> 
     </span>
     <span class='ocr_line' id='line_1_11' title="bbox 182 1940 1260 2048; baseline 0.004 -44"><span class='ocrx_word' id='word_1_72' title='bbox 182 1957 278 2048; x_wconf 69' lang='lat' dir='ltr'><strong>qupm</strong></span> <span class='ocrx_word' id='word_1_73' title='bbox 304 1940 456 2007; x_wconf 87' lang='lat' dir='ltr'><strong>animalia</strong></span> <span class='ocrx_word' id='word_1_74' title='bbox 484 1958 570 2028; x_wconf 83' lang='lat' dir='ltr'><strong>quae</strong></span> <span class='ocrx_word' id='word_1_75' title='bbox 596 1941 628 2005; x_wconf 94' lang='lat' dir='ltr'><strong>in</strong></span> <span class='ocrx_word' id='word_1_76' title='bbox 649 1940 794 2007; x_wconf 78' lang='lat' dir='ltr'><strong>cratibus</strong></span> <span class='ocrx_word' id='word_1_77' title='bbox 821 1945 944 2006; x_wconf 88' lang='lat' dir='ltr'><strong>tantum</strong></span> <span class='ocrx_word' id='word_1_78' title='bbox 972 1945 1005 2005; x_wconf 92' lang='lat' dir='ltr'><strong>et</strong></span> <span class='ocrx_word' id='word_1_79' title='bbox 1032 1941 1172 2008; x_wconf 87' lang='lat' dir='ltr'><strong>stabulis</strong></span> <span class='ocrx_word' id='word_1_80' title='bbox 1198 1941 1260 2008; x_wconf 89' lang='lat' dir='ltr'><strong>sub</strong></span> 
     </span>
     <span class='ocr_line' id='line_1_12' title="bbox 182 2074 1259 2160; baseline 0.005 -18"><span class='ocrx_word' id='word_1_81' title='bbox 182 2074 377 2144; x_wconf 76' lang='lat' dir='ltr'><strong>educatione</strong></span> <span class='ocrx_word' id='word_1_82' title='bbox 410 2075 592 2144; x_wconf 89' lang='lat' dir='ltr'><strong>artiticiosa</strong></span> <span class='ocrx_word' id='word_1_83' title='bbox 622 2074 749 2160; x_wconf 83' lang='lat' dir='ltr'><strong>degere</strong></span> <span class='ocrx_word' id='word_1_84' title='bbox 781 2081 953 2159; x_wconf 80' lang='lat' dir='ltr'><strong>coguntur.</strong></span> <span class='ocrx_word' id='word_1_85' title='bbox 1010 2075 1148 2142; x_wconf 83' lang='lat' dir='ltr'><strong>Morbus</strong></span> <span class='ocrx_word' id='word_1_86' title='bbox 1179 2093 1259 2148; x_wconf 82' lang='lat' dir='ltr'><strong>sca·</strong></span> 
     </span>
     <span class='ocr_line' id='line_1_13' title="bbox 179 2208 1259 2308; baseline 0.002 -33"><span class='ocrx_word' id='word_1_87' title='bbox 179 2211 294 2277; x_wconf 92' lang='lat' dir='ltr'><strong>biosus</strong></span> <span class='ocrx_word' id='word_1_88' title='bbox 323 2209 505 2278; x_wconf 88' lang='lat' dir='ltr'><strong>animalium</strong></span> <span class='ocrx_word' id='word_1_89' title='bbox 531 2213 660 2278; x_wconf 86' lang='lat' dir='ltr'><strong>nomino</strong></span> <span class='ocrx_word' id='word_1_90' title='bbox 687 2212 868 2278; x_wconf 77' lang='lat' dir='ltr'><strong>scabritiae</strong></span> <span class='ocrx_word' id='word_1_91' title='bbox 895 2208 1044 2308; x_wconf 83' lang='lat' dir='ltr'><strong>(Ritude)</strong></span> <span class='ocrx_word' id='word_1_92' title='bbox 1073 2211 1259 2303; x_wconf 87' lang='lat' dir='ltr'><strong>appellatus</strong></span> 
     </span>
     <span class='ocr_line' id='line_1_14' title="bbox 181 2346 1260 2448; baseline 0.003 -35"><span class='ocrx_word' id='word_1_93' title='bbox 181 2353 252 2436; x_wconf 90' lang='lat' dir='ltr'><strong>est,</strong></span> <span class='ocrx_word' id='word_1_94' title='bbox 290 2365 353 2436; x_wconf 86' lang='lat' dir='ltr'><strong>qua</strong></span> <span class='ocrx_word' id='word_1_95' title='bbox 388 2348 421 2448; x_wconf 85' lang='lat' dir='ltr'><strong>in</strong></span> <span class='ocrx_word' id='word_1_96' title='bbox 454 2347 613 2414; x_wconf 88' lang='lat' dir='ltr'><strong>scabritia</strong></span> <span class='ocrx_word' id='word_1_97' title='bbox 637 2349 707 2432; x_wconf 84' lang='lat' dir='ltr'><strong>jam</strong></span> <span class='ocrx_word' id='word_1_98' title='bbox 732 2346 851 2414; x_wconf 86' lang='lat' dir='ltr'><strong>dudum</strong></span> <span class='ocrx_word' id='word_1_99' title='bbox 875 2349 1008 2433; x_wconf 85' lang='lat' dir='ltr'><strong>cognita</strong></span> <span class='ocrx_word' id='word_1_100' title='bbox 1032 2355 1066 2416; x_wconf 88' lang='lat' dir='ltr'><strong>et</strong></span> <span class='ocrx_word' id='word_1_101' title='bbox 1090 2347 1260 2439; x_wconf 88' lang='lat' dir='ltr'><strong>descripta</strong></span> 
     </span>
     <span class='ocr_line' id='line_1_15' title="bbox 180 2483 1259 2576; baseline 0.001 -25"><span class='ocrx_word' id='word_1_102' title='bbox 180 2501 313 2552; x_wconf 87' lang='lat' dir='ltr'><strong>acorum</strong></span> <span class='ocrx_word' id='word_1_103' title='bbox 348 2483 475 2550; x_wconf 87' lang='lat' dir='ltr'><strong>scabiei</strong></span> <span class='ocrx_word' id='word_1_104' title='bbox 515 2489 648 2551; x_wconf 85' lang='lat' dir='ltr'><strong>constat</strong></span> <span class='ocrx_word' id='word_1_105' title='bbox 690 2484 877 2551; x_wconf 89' lang='lat' dir='ltr'><strong>certissima</strong></span> <span class='ocrx_word' id='word_1_106' title='bbox 919 2486 1049 2552; x_wconf 87' lang='lat' dir='ltr'><strong>ratione</strong></span> <span class='ocrx_word' id='word_1_107' title='bbox 1090 2492 1259 2576; x_wconf 88' lang='lat' dir='ltr'><strong>repertum</strong></span> 
     </span>
     <span class='ocr_line' id='line_1_16' title="bbox 180 2621 1259 2712; baseline 0 -24"><span class='ocrx_word' id='word_1_108' title='bbox 180 2641 280 2711; x_wconf 88' lang='lat' dir='ltr'><strong>essa,</strong></span> <span class='ocrx_word' id='word_1_109' title='bbox 322 2628 357 2688; x_wconf 89' lang='lat' dir='ltr'><strong>ut</strong></span> <span class='ocrx_word' id='word_1_110' title='bbox 392 2621 467 2688; x_wconf 91' lang='lat' dir='ltr'><strong>nibil</strong></span> <span class='ocrx_word' id='word_1_111' title='bbox 500 2625 571 2708; x_wconf 87' lang='lat' dir='ltr'><strong>jam</strong></span> <span class='ocrx_word' id='word_1_112' title='bbox 606 2621 693 2689; x_wconf 92' lang='lat' dir='ltr'><strong>dubii</strong></span> <span class='ocrx_word' id='word_1_113' title='bbox 730 2623 950 2712; x_wconf 83' lang='lat' dir='ltr'><strong>relinquatur,</strong></span> <span class='ocrx_word' id='word_1_114' title='bbox 986 2640 1061 2688; x_wconf 92' lang='lat' dir='ltr'><strong>num</strong></span> <span class='ocrx_word' id='word_1_115' title='bbox 1099 2621 1259 2688; x_wconf 86' lang='lat' dir='ltr'><strong>scabritia</strong></span> 
     </span>
     <span class='ocr_line' id='line_1_17' title="bbox 179 2757 1257 2852; baseline 0.002 -28"><span class='ocrx_word' id='word_1_116' title='bbox 179 2757 360 2824; x_wconf 83' lang='lat' dir='ltr'><strong>animalium</strong></span> <span class='ocrx_word' id='word_1_117' title='bbox 394 2758 510 2826; x_wconf 85' lang='lat' dir='ltr'><strong>eadem</strong></span> <span class='ocrx_word' id='word_1_118' title='bbox 537 2759 583 2825; x_wconf 89' lang='lat' dir='ltr'><strong>sit</strong></span> <span class='ocrx_word' id='word_1_119' title='bbox 617 2778 702 2848; x_wconf 89' lang='lat' dir='ltr'><strong>quae</strong></span> <span class='ocrx_word' id='word_1_120' title='bbox 728 2761 860 2828; x_wconf 81' lang='lat' dir='ltr'><strong>scabies</strong></span> <span class='ocrx_word' id='word_1_121' title='bbox 885 2759 1066 2852; x_wconf 80' lang='lat' dir='ltr'><strong>bominum3</strong></span> <span class='ocrx_word' id='word_1_122' title='bbox 1099 2766 1134 2828; x_wconf 88' lang='lat' dir='ltr'><strong>et</strong></span> <span class='ocrx_word' id='word_1_123' title='bbox 1160 2758 1257 2827; x_wconf 89' lang='lat' dir='ltr'><strong>deni-</strong></span> 
     </span>
     <span class='ocr_line' id='line_1_18' title="bbox 180 2894 1257 2987; baseline 0.004 -27"><span class='ocrx_word' id='word_1_124' title='bbox 180 2915 244 2985; x_wconf 87' lang='lat' dir='ltr'><strong>que</strong></span> <span class='ocrx_word' id='word_1_125' title='bbox 271 2895 444 2980; x_wconf 84' lang='lat' dir='ltr'><strong>llertwig,</strong></span> <span class='ocrx_word' id='word_1_126' title='bbox 479 2895 531 2983; x_wconf 79' lang='lat' dir='ltr'><strong>qui</strong></span> <span class='ocrx_word' id='word_1_127' title='bbox 567 2894 653 2960; x_wconf 90' lang='lat' dir='ltr'><strong>bene</strong></span> <span class='ocrx_word' id='word_1_128' title='bbox 684 2895 728 2962; x_wconf 93' lang='lat' dir='ltr'><strong>de</strong></span> <span class='ocrx_word' id='word_1_129' title='bbox 754 2914 796 2962; x_wconf 87' lang='lat' dir='ltr'><strong>en</strong></span> <span class='ocrx_word' id='word_1_130' title='bbox 824 2915 863 2964; x_wconf 88' lang='lat' dir='ltr'><strong>re</strong></span> <span class='ocrx_word' id='word_1_131' title='bbox 897 2897 1034 2987; x_wconf 88' lang='lat' dir='ltr'><strong>meruit,</strong></span> <span class='ocrx_word' id='word_1_132' title='bbox 1067 2894 1257 2964; x_wconf 87' lang='lat' dir='ltr'><strong>scabritiam</strong></span> 
     </span>
     <span class='ocr_line' id='line_1_19' title="bbox 177 3030 1257 3122; baseline 0.002 -26"><span class='ocrx_word' id='word_1_133' title='bbox 177 3049 239 3120; x_wconf 89' lang='lat' dir='ltr'><strong>per</strong></span> <span class='ocrx_word' id='word_1_134' title='bbox 263 3031 367 3120; x_wconf 89' lang='lat' dir='ltr'><strong>ipsurn</strong></span> <span class='ocrx_word' id='word_1_135' title='bbox 385 3049 516 3104; x_wconf 82' lang='lat' dir='ltr'><strong>ararum</strong></span> <span class='ocrx_word' id='word_1_136' title='bbox 542 3037 641 3120; x_wconf 88' lang='lat' dir='ltr'><strong>atquc</strong></span> <span class='ocrx_word' id='word_1_137' title='bbox 666 3030 752 3099; x_wconf 91' lang='lat' dir='ltr'><strong>adeo</strong></span> <span class='ocrx_word' id='word_1_138' title='bbox 771 3031 812 3098; x_wconf 88' lang='lat' dir='ltr'><strong>ab</strong></span> <span class='ocrx_word' id='word_1_139' title='bbox 840 3032 966 3101; x_wconf 87' lang='lat' dir='ltr'><strong>animali</strong></span> <span class='ocrx_word' id='word_1_140' title='bbox 989 3033 1022 3098; x_wconf 93' lang='lat' dir='ltr'><strong>in</strong></span> <span class='ocrx_word' id='word_1_141' title='bbox 1047 3051 1169 3122; x_wconf 90' lang='lat' dir='ltr'><strong>eorpus</strong></span> <span class='ocrx_word' id='word_1_142' title='bbox 1194 3032 1257 3098; x_wconf 91' lang='lat' dir='ltr'><strong>bu-</strong></span> 
     </span>
     <span class='ocr_line' id='line_1_20' title="bbox 177 3168 1257 3238; baseline -0.005 -1"><span class='ocrx_word' id='word_1_143' title='bbox 177 3187 304 3238; x_wconf 87' lang='lat' dir='ltr'><strong>manum</strong></span> <span class='ocrx_word' id='word_1_144' title='bbox 340 3171 518 3236; x_wconf 77' lang='lat' dir='ltr'><strong>transferri</strong></span> <span class='ocrx_word' id='word_1_145' title='bbox 552 3168 803 3238; x_wconf 87' lang='lat' dir='ltr'><strong>domonstravit.</strong></span> <span class='ocrx_word' id='word_1_146' title='bbox 866 3169 943 3236; x_wconf 88' lang='lat' dir='ltr'><strong>Jam</strong></span> <span class='ocrx_word' id='word_1_147' title='bbox 976 3168 1029 3236; x_wconf 87' lang='lat' dir='ltr'><strong>bie</strong></span> <span class='ocrx_word' id='word_1_148' title='bbox 1063 3169 1156 3235; x_wconf 89' lang='lat' dir='ltr'><strong>locus</strong></span> <span class='ocrx_word' id='word_1_149' title='bbox 1193 3185 1257 3233; x_wconf 91' lang='lat' dir='ltr'><strong>nou</strong></span> 
     </span>
     <span class='ocr_line' id='line_1_21' title="bbox 178 3304 1256 3395; baseline 0.002 -23"><span class='ocrx_word' id='word_1_150' title='bbox 178 3312 248 3395; x_wconf 90' lang='lat' dir='ltr'><strong>cst,</strong></span> <span class='ocrx_word' id='word_1_151' title='bbox 293 3325 355 3394; x_wconf 86' lang='lat' dir='ltr'><strong>quo</strong></span> <span class='ocrx_word' id='word_1_152' title='bbox 391 3306 559 3374; x_wconf 87' lang='lat' dir='ltr'><strong>scabritiia</strong></span> <span class='ocrx_word' id='word_1_153' title='bbox 591 3307 622 3372; x_wconf 89' lang='lat' dir='ltr'><strong>in</strong></span> <span class='ocrx_word' id='word_1_154' title='bbox 655 3305 803 3373; x_wconf 88' lang='lat' dir='ltr'><strong>diversis</strong></span> <span class='ocrx_word' id='word_1_155' title='bbox 836 3304 1029 3372; x_wconf 84' lang='lat' dir='ltr'><strong>animalibus</strong></span> <span class='ocrx_word' id='word_1_156' title='bbox 1064 3304 1256 3374; x_wconf 87' lang='lat' dir='ltr'><strong>domesticis</strong></span> 
     </span>
     <span class='ocr_line' id='line_1_22' title="bbox 175 3425 1286 3526; baseline -0.007 -11"><span class='ocrx_word' id='word_1_157' title='bbox 175 3447 362 3515; x_wconf 79' lang='lat' dir='ltr'><strong>accuratius</strong></span> <span class='ocrx_word' id='word_1_158' title='bbox 396 3445 609 3511; x_wconf 84' lang='lat' dir='ltr'><strong>examinetur.</strong></span> <span class='ocrx_word' id='word_1_159' title='bbox 669 3440 830 3526; x_wconf 72' lang='lat' dir='ltr'><strong>contagio</strong></span> <span class='ocrx_word' id='word_1_160' title='bbox 856 3441 1013 3508; x_wconf 90' lang='lat' dir='ltr'><strong>scabioso</strong></span> <span class='ocrx_word' id='word_1_161' title='bbox 1034 3425 1075 3510; x_wconf 89' lang='lat' dir='ltr'><strong>ab</strong></span> <span class='ocrx_word' id='word_1_162' title='bbox 1105 3443 1286 3509; x_wconf 85' lang='lat' dir='ltr'><strong>animati--</strong></span> 
     </span>
     <span class='ocr_line' id='line_1_23' title="bbox 174 3575 1255 3650; baseline -0.003 -3"><span class='ocrx_word' id='word_1_163' title='bbox 174 3581 237 3647; x_wconf 91' lang='lat' dir='ltr'><strong>bus</strong></span> <span class='ocrx_word' id='word_1_164' title='bbox 270 3581 301 3647; x_wconf 93' lang='lat' dir='ltr'><strong>in</strong></span> <span class='ocrx_word' id='word_1_165' title='bbox 331 3581 482 3649; x_wconf 87' lang='lat' dir='ltr'><strong>bomines</strong></span> <span class='ocrx_word' id='word_1_166' title='bbox 516 3581 679 3647; x_wconf 86' lang='lat' dir='ltr'><strong>translato</strong></span> <span class='ocrx_word' id='word_1_167' title='bbox 715 3577 909 3650; x_wconf 83' lang='lat' dir='ltr'><strong>exanthema</strong></span> <span class='ocrx_word' id='word_1_168' title='bbox 936 3575 1126 3645; x_wconf 85' lang='lat' dir='ltr'><strong>scabiosum</strong></span> <span class='ocrx_word' id='word_1_169' title='bbox 1152 3579 1255 3644; x_wconf 91' lang='lat' dir='ltr'><strong>oritur</strong></span> 
     </span>
    </p>
   </div>
   <div class='ocr_carea' id='block_1_7' title="bbox 174 3677 1255 3807">
    <p class='ocr_par' dir='ltr' id='par_1_7' title="bbox 174 3677 1255 3807">
     <span class='ocr_line' id='line_1_24' title="bbox 174 3677 1255 3807; baseline -0.009 -18"><span class='ocrx_word' id='word_1_170' title='bbox 174 3715 345 3790; x_wconf 88' lang='lat' dir='ltr'><strong>admodum</strong></span> <span class='ocrx_word' id='word_1_171' title='bbox 370 3716 549 3805; x_wconf 84' lang='lat' dir='ltr'><strong>luxurians,</strong></span> <span class='ocrx_word' id='word_1_172' title='bbox 575 3719 670 3802; x_wconf 85' lang='lat' dir='ltr'><strong>cujus</strong></span> <span class='ocrx_word' id='word_1_173' title='bbox 698 3715 852 3807; x_wconf 85' lang='lat' dir='ltr'><strong>papulae,</strong></span> <span class='ocrx_word' id='word_1_174' title='bbox 877 3713 1048 3781; x_wconf 89' lang='lat' dir='ltr'><strong>vesiculae</strong></span> <span class='ocrx_word' id='word_1_175' title='bbox 1077 3677 1111 3780; x_wconf 82' lang='lat' dir='ltr'><strong>et</strong></span> <span class='ocrx_word' id='word_1_176' title='bbox 1135 3718 1255 3804; x_wconf 89' lang='lat' dir='ltr'><strong>pustu-</strong></span> 
     </span>
    </p>
   </div>
   <div class='ocr_carea' id='block_1_8' title="bbox 170 3850 1255 4363">
    <p class='ocr_par' dir='ltr' id='par_1_8' title="bbox 170 3850 1255 4363">
     <span class='ocr_line' id='line_1_25' title="bbox 174 3850 1255 3945; baseline -0.007 -22"><span class='ocrx_word' id='word_1_177' title='bbox 174 3857 228 3923; x_wconf 87' lang='lat' dir='ltr'><strong>lae</strong></span> <span class='ocrx_word' id='word_1_178' title='bbox 254 3855 378 3922; x_wconf 86' lang='lat' dir='ltr'><strong>arrtius</strong></span> <span class='ocrx_word' id='word_1_179' title='bbox 401 3855 488 3922; x_wconf 86' lang='lat' dir='ltr'><strong>inter</strong></span> <span class='ocrx_word' id='word_1_180' title='bbox 512 3873 552 3922; x_wconf 90' lang='lat' dir='ltr'><strong>se</strong></span> <span class='ocrx_word' id='word_1_181' title='bbox 578 3855 709 3945; x_wconf 84' lang='lat' dir='ltr'><strong>positae</strong></span> <span class='ocrx_word' id='word_1_182' title='bbox 739 3858 832 3939; x_wconf 88' lang='lat' dir='ltr'><strong>suot,</strong></span> <span class='ocrx_word' id='word_1_183' title='bbox 867 3851 973 3918; x_wconf 90' lang='lat' dir='ltr'><strong>basim</strong></span> <span class='ocrx_word' id='word_1_184' title='bbox 1006 3850 1170 3940; x_wconf 87' lang='lat' dir='ltr'><strong>praebent</strong></span> <span class='ocrx_word' id='word_1_185' title='bbox 1201 3851 1255 3916; x_wconf 90' lang='lat' dir='ltr'><strong>in-</strong></span> 
     </span>
     <span class='ocr_line' id='line_1_26' title="bbox 174 3991 1255 4085; baseline -0.008 -24"><span class='ocrx_word' id='word_1_186' title='bbox 174 3997 368 4061; x_wconf 87' lang='lat' dir='ltr'><strong>tlammatum</strong></span> <span class='ocrx_word' id='word_1_187' title='bbox 393 4000 428 4059; x_wconf 93' lang='lat' dir='ltr'><strong>et</strong></span> <span class='ocrx_word' id='word_1_188' title='bbox 444 3994 552 4082; x_wconf 82' lang='lat' dir='ltr'><strong>aliqua</strong></span> <span class='ocrx_word' id='word_1_189' title='bbox 576 4011 618 4060; x_wconf 89' lang='lat' dir='ltr'><strong>ex</strong></span> <span class='ocrx_word' id='word_1_190' title='bbox 637 3999 733 4085; x_wconf 85' lang='lat' dir='ltr'><strong>parte</strong></span> <span class='ocrx_word' id='word_1_191' title='bbox 752 3991 915 4058; x_wconf 89' lang='lat' dir='ltr'><strong>duriorem</strong></span> <span class='ocrx_word' id='word_1_192' title='bbox 938 4005 1032 4077; x_wconf 85' lang='lat' dir='ltr'><strong>quam</strong></span> <span class='ocrx_word' id='word_1_193' title='bbox 1050 4005 1145 4076; x_wconf 83' lang='lat' dir='ltr'><strong>quum</strong></span> <span class='ocrx_word' id='word_1_194' title='bbox 1172 4004 1255 4053; x_wconf 92' lang='lat' dir='ltr'><strong>con-</strong></span> 
     </span>
     <span class='ocr_line' id='line_1_27' title="bbox 175 4119 1255 4216; baseline -0.007 -20"><span class='ocrx_word' id='word_1_195' title='bbox 175 4131 296 4214; x_wconf 83' lang='lat' dir='ltr'><strong>tagium</strong></span> <span class='ocrx_word' id='word_1_196' title='bbox 325 4130 368 4198; x_wconf 94' lang='lat' dir='ltr'><strong>ab</strong></span> <span class='ocrx_word' id='word_1_197' title='bbox 403 4129 584 4196; x_wconf 89' lang='lat' dir='ltr'><strong>bominibus</strong></span> <span class='ocrx_word' id='word_1_198' title='bbox 610 4131 642 4194; x_wconf 95' lang='lat' dir='ltr'><strong>in</strong></span> <span class='ocrx_word' id='word_1_199' title='bbox 667 4127 816 4193; x_wconf 88' lang='lat' dir='ltr'><strong>bomines</strong></span> <span class='ocrx_word' id='word_1_200' title='bbox 845 4127 1071 4216; x_wconf 68' lang='lat' dir='ltr'><strong>propagetur,</strong></span> <span class='ocrx_word' id='word_1_201' title='bbox 1102 4121 1135 4190; x_wconf 93' lang='lat' dir='ltr'><strong>id</strong></span> <span class='ocrx_word' id='word_1_202' title='bbox 1169 4119 1255 4212; x_wconf 86' lang='lat' dir='ltr'><strong>quod</strong></span> 
     </span>
     <span class='ocr_line' id='line_1_28' title="bbox 170 4227 1253 4363; baseline -0.011 -25"><span class='ocrx_word' id='word_1_203' title='bbox 170 4272 241 4356; x_wconf 90' lang='lat' dir='ltr'><strong>jam</strong></span> <span class='ocrx_word' id='word_1_204' title='bbox 265 4227 427 4339; x_wconf 78' lang='lat' dir='ltr'><strong>Batemau</strong></span> <span class='ocrx_word' id='word_1_205' title='bbox 445 4264 494 4363; x_wconf 81' lang='lat'><strong>⁴⁵)</strong></span> <span class='ocrx_word' id='word_1_206' title='bbox 524 4233 706 4356; x_wconf 75' lang='lat' dir='ltr'><strong>descripsit</strong></span> <span class='ocrx_word' id='word_1_207' title='bbox 731 4269 765 4330; x_wconf 89' lang='lat' dir='ltr'><strong>et</strong></span> <span class='ocrx_word' id='word_1_208' title='bbox 787 4261 945 4352; x_wconf 89' lang='lat' dir='ltr'><strong>depinxit,</strong></span> <span class='ocrx_word' id='word_1_209' title='bbox 976 4257 1063 4350; x_wconf 89' lang='lat' dir='ltr'><strong>quod</strong></span> <span class='ocrx_word' id='word_1_210' title='bbox 1088 4257 1131 4326; x_wconf 88' lang='lat' dir='ltr'><strong>de</strong></span> <span class='ocrx_word' id='word_1_211' title='bbox 1150 4257 1253 4327; x_wconf 88' lang='lat' dir='ltr'><strong>Gem-</strong></span> 
     </span>
    </p>
   </div>
   <div class='ocr_carea' id='block_1_9' title="bbox 173 4403 496 4420">
    <p class='ocr_par' dir='ltr' id='par_1_9' title="bbox 173 4403 496 4420">
     <span class='ocr_line' id='line_1_29' title="bbox 173 4403 496 4420; baseline 0 -2"><span class='ocrx_word' id='word_1_212' title='bbox 173 4403 496 4420; x_wconf 55' lang='lat' dir='ltr'><em>m</em></span> 
     </span>
    </p>
   </div>
   <div class='ocr_carea' id='block_1_10' title="bbox 256 4475 1061 4571">
    <p class='ocr_par' dir='ltr' id='par_1_10' title="bbox 256 4475 1061 4571">
     <span class='ocr_line' id='line_1_30' title="bbox 256 4475 1061 4571; baseline -0.015 -18"><span class='ocrx_word' id='word_1_213' title='bbox 256 4489 313 4568; x_wconf 79' lang='lat'><strong>45)</strong></span> <span class='ocrx_word' id='word_1_214' title='bbox 353 4489 378 4552; x_wconf 86' lang='lat'><strong>1.</strong></span> <span class='ocrx_word' id='word_1_215' title='bbox 400 4507 427 4551; x_wconf 89' lang='lat' dir='ltr'><strong>c.</strong></span> <span class='ocrx_word' id='word_1_216' title='bbox 469 4508 501 4571; x_wconf 89' lang='lat' dir='ltr'><strong>p.</strong></span> <span class='ocrx_word' id='word_1_217' title='bbox 525 4486 598 4551; x_wconf 84' lang='lat'><strong>270.</strong></span> <span class='ocrx_word' id='word_1_218' title='bbox 620 4493 652 4547; x_wconf 84' lang='lat' dir='ltr'><strong>et</strong></span> <span class='ocrx_word' id='word_1_219' title='bbox 671 4479 750 4546; x_wconf 83' lang='lat' dir='ltr'><strong>Tab.</strong></span> <span class='ocrx_word' id='word_1_220' title='bbox 773 4475 908 4543; x_wconf 82' lang='lat' dir='ltr'><strong>xxlv.</strong></span> <span class='ocrx_word' id='word_1_221' title='bbox 950 4477 1003 4560; x_wconf 76' lang='lat' dir='ltr'><strong>fig.</strong></span> <span class='ocrx_word' id='word_1_222' title='bbox 1028 4477 1061 4542; x_wconf 86' lang='grc'><strong>3.</strong></span> 
     </span>
    </p>
   </div>
   <div class='ocr_carea' id='block_1_11' title="bbox 0 0 1602 5224">
    <p class='ocr_par' dir='ltr' id='par_1_11' title="bbox 0 0 1602 5224">
     <span class='ocr_line' id='line_1_31' title="bbox 0 0 1602 5224; baseline 0 5"><span class='ocrx_word' id='word_1_223' title='bbox 0 0 1602 5224; x_wconf 95' lang='lat' dir='ltr'><strong> </strong></span> 
     </span>
    </p>
   </div>
  </div>
 </body>
</html>
