3196 5224
616 475 867 546 ..13-

111 659 115 666 ⁴
201 692 269 762 qne
305 677 361 742 vei
399 681 529 762 septem
569 675 658 746 dies:
701 678 817 766 quibos
861 679 1086 766 circumactis,
1131 643 1281 766 qrramvis

201 812 290 876 nuita
311 813 366 878 vet
398 819 538 879 externa
568 813 623 880 vei
659 814 786 879 interna
820 813 967 883 remedia
1000 816 1031 879 in
1057 835 1148 882 usum
1175 834 1283 884 voca-

200 947 309 1036 veris,
335 950 440 1034 magis
465 952 637 1039 magisque
662 956 889 1034 corrogantur.
935 951 1061 1016 Areotu
1085 952 1211 1022 itiaronr
1238 971 1280 1016 ex

201 1083 453 1152 inflammatione
479 1092 556 1155 nata
585 1095 650 1153 tum
673 1086 827 1180 patiesoit
844 1086 1040 1172 tandemque
1058 1089 1178 1181 papula
1195 1089 1281 1152 uuita

199 1227 316 1286 crusta
347 1231 538 1292 remanente
565 1225 747 1310 collabitur,
776 1224 893 1290 relicta
911 1231 1019 1289 tamen
1038 1223 1176 1308 quadarn
1196 1224 1279 1290 cotis

199 1358 373 1446 laevitate,
395 1377 415 1425 a
434 1361 585 1444 regionis·
598 1359 862 1444 circumjacentis
880 1360 993 1424 colore
1010 1359 1094 1424 satis
1113 1357 1278 1456 distincta,

200 1512 288 1580 quac
328 1501 364 1560 ct
400 1495 475 1582 ipsa
513 1495 609 1562 brevi
647 1502 798 1590 tempore
832 1497 974 1563 viciniae
1013 1497 1097 1564 cutis
1133 1499 1279 1584 speciem

106 1701 112 1708 ,
199 1628 323 1718 induit,
359 1632 434 1714 ejus
470 1629 633 1714 giandutis
658 1631 857 1699 sudoriicris
886 1639 921 1698 et
947 1633 1103 1700 schaccis
1129 1641 1164 1699 et
1190 1635 1277 1698 initi-

63 1803 64 1806 =
199 1766 283 1832 eutis
307 1754 516 1853 capitiaribus
541 1767 626 1856 notio
652 1764 747 1835 modo
773 1767 965 1835 destructis.
1009 1769 1056 1834 At
1077 1789 1137 1855 pro
1157 1770 1278 1862 pnpntn

166 1903 251 1988 ,sic
286 1905 454 1970 exsiccata
486 1909 584 1991 atque
618 1909 845 1970 evanescente
878 1903 963 1971 atine
996 1921 1105 1971 novae
1124 1907 1277 1972 *exortae

125 2057 137 2122 j
200 2045 279 2105 sunt
314 2040 477 2132 papulae,
515 2041 640 2108 scabiei
672 2041 898 2107 extensionem
929 2046 1179 2132 propagantes,
1224 2043 1278 2128 qui

193 2178 328 2265 quidem
369 2179 502 2246 morbus
544 2177 716 2272 perpetuis
763 2175 857 2241 bisce
903 2175 1127 2262 eruptionibus
1171 2178 1287 2244 nrorbiw

193 2314 344 2413 chronici
381 2321 529 2382 naturam
564 2313 695 2400 accipit.
761 2310 856 2395 Quae
892 2310 1103 2399 eruptiones,
1147 2315 1177 2378 si
1213 2333 1273 2380 us·

193 2451 306 2518 saltim
343 2456 378 2517 ct
411 2451 574 2534 gregatim
608 2449 707 2538 fiant,
747 2448 996 2516 vehementiore
1036 2469 1107 2516 cam
1149 2451 1273 2536 pruritu

193 2591 393 2674 conjunctae
424 2595 518 2673 sunt,
550 2608 613 2677 quo
652 2589 725 2656 solo
758 2589 790 2655 in
823 2606 903 2655 casu
939 2587 1086 2653 teviurcs
1112 2590 1274 2654 motiones

193 2726 354 2817 sebrites,
390 2729 532 2816 alioquin
563 2747 584 2794 a
618 2727 746 2796 scabiei
779 2725 940 2810 genuinae
966 2723 1110 2790 decursu
1135 2725 1273 2812 atienae,

191 2861 350 2946 ingruere
393 2865 570 2952 potuerint.
638 2862 810 2949 Ejusmodi
850 2863 1045 2930 catervatim
1083 2863 1273 2950 eruptiones

193 3005 372 3091 praecipue
407 2994 556 3095 tempore
592 3020 698 3068 verno
737 2997 838 3087 atque
869 3004 1039 3066 auctamuo
1076 2998 1272 3086 observari,

192 3139 279 3206 satis
308 3146 450 3208 constat.
502 3141 636 3209 Pariter
669 3139 783 3206 locatis
819 3135 945 3208 scabiei
972 3135 1124 3202 extensio
1151 3137 1183 3202 in
1209 3110 1286 3200 no!

191 3277 327 3344 minibus
355 3275 501 3344 robustis
527 3276 682 3364 ceterius,
711 3292 805 3361 quam
823 3275 854 3338 in
873 3272 1042 3338 imbecitiis
1061 3268 1267 3338 succedit.-

189 3409 297 3477 Morbi
325 3412 432 3499 aranti,
468 3411 563 3492 rrrjos
598 3411 735 3494 generis
763 3417 840 3476 sunt
872 3411 1141 3478 inflammationes
1169 3428 1271 3494 orgo·

188 3565 302 3615 norum
329 3508 545 3634 internorum,
572 3547 657 3614 sicut
682 3523 886 3638 pneumonia,
915 3564 1141 3636 nonnunquam
1165 3547 1270 3632 ipsum

189 3685 316 3753 scabiei
344 3685 530 3770 contagium
552 3692 628 3753 non
651 3687 882 3775 exstinguont,
917 3691 1056 3754 externo
1083 3689 1192 3750 tamea
1216 3649 1269 3749 in-

188 3823 344 3893 iectionis
378 3823 556 3892 morbosae
586 3823 811 3911 phaenomena
846 3842 868 3891 a
899 3829 975 3891 cute
1009 3823 1168 3915 depulsor
1202 3827 1269 3888 tom

70 4005 75 4014 .
187 3959 271 4026 euim
295 3960 431 4029 scabies
462 3959 571 4030 subito
596 3967 713 4030 cessat
737 3961 891 4048 finitaque
918 3959 1167 4028 inflammatione
1189 3978 1267 4023 rur·

186 4112 247 4162 sus
271 4105 432 4187 apparet,
465 4099 552 4167 nolio
586 4105 716 4190 tamen,
752 4103 905 4186 quantum
929 4096 1058 4185 quidem
1080 4100 1267 4164 monstrare
1361 4163 1364 4170 ,

184 4231 273 4323 iicet,
298 4237 453 4321 contagio
479 4239 607 4308 recenti
633 4255 853 4333 praegresso.
896 4233 1031 4304 Scabiei
1055 4232 1154 4318 igitur
1180 4249 1266 4320 quae

182 4368 267 4440 ratio
303 4391 374 4444 cnm
408 4373 481 4443 otiis
514 4377 589 4463 ejrrs
622 4377 758 4463 generis
793 4373 1022 4446 erectionibus
1056 4366 1263 4458 intercedat,
