3196 5224
630 557 856 628 ...9.-

206 756 340 844 coioris,
367 758 555 848 pierumque
579 760 703 846 aliquot
724 761 848 850 tineas,
875 761 1035 831 interdum
1061 765 1158 833 etiam
1182 765 1282 852 ‘potii-

205 909 276 984 ccm
302 893 440 980 longae,
465 885 524 988 ξω
549 895 637 962 tatae
652 887 721 988 ¹²);
756 897 843 964 idem
868 904 1018 984 tempore
1045 903 1283 986 progrediente

204 1027 347 1095 colorem
376 1029 477 1096 induit
507 1033 613 1116 magis
647 1034 773 1101 ruscum
804 1037 859 1101 vei
893 1039 1019 1121 punctis
1044 1037 1280 1120 nigricantibus

203 1163 394 1251 insignitur,
429 1172 486 1232 aut
517 1167 686 1268 scalpendo
724 1175 811 1235 totus
843 1169 1035 1238 destruitur.
1097 1175 1279 1243 l’ecutioris

202 1303 302 1386 atque
339 1300 371 1365 in
403 1301 529 1370 scabiei
562 1306 674 1371 causis
712 1308 942 1394 perquirendis
982 1313 1097 1378 summi
1128 1317 1281 1380 momenti
1310 1365 1314 1372 .

202 1455 258 1503 res
294 1437 378 1506 baec
407 1445 463 1532 cst
507 1440 592 1528 quod
629 1444 795 1512 cunicutus
833 1445 1010 1512 scabiosus
1042 1465 1105 1513 non
1145 1467 1280 1541 semper

200 1573 331 1662 ibidem,
360 1575 413 1642 ubi
436 1575 624 1644 scabiosum
649 1578 846 1646 exanthema
871 1587 926 1648 est
949 1582 1115 1672 inventus,
1141 1587 1278 1676 saepius

129 1777 133 1790 ,
200 1711 241 1776 ab
281 1712 376 1779 istius
413 1713 540 1802 papulis
582 1709 678 1809 (etc.)
721 1718 848 1801 majore
893 1721 1065 1788 minoreve
1104 1723 1276 1788 interuallo

200 1845 320 1938 distnt3
362 1850 437 1936 quin
477 1852 574 1919 etiam
615 1859 765 1946 quantum
804 1872 846 1919 ex
879 1831 1197 1942 perscrutationibus
1235 1859 1276 1922 ub

199 1985 315 2051 Hebro
344 1988 499 2054 institutis
523 1989 651 2078 elucet,
676 2008 903 2078 nonnunquam
938 1991 1057 2059 accidit
1083 1999 1117 2057 ut
1141 1995 1275 2059 curuicn-

199 2123 251 2186 tns
278 2121 454 2198 scabiosus
482 2126 513 2190 iu
540 2125 647 2210 atiquo
674 2126 862 2218 reperiatur
888 2127 1032 2192 membro
1058 2127 1274 2194 exautbemna

199 2261 242 2324 tis
268 2259 416 2326 scabiosi
440 2261 581 2348 experti,
609 2279 703 2350 quum
728 2267 836 2327 tamen
861 2263 1037 2328 membrum
1062 2263 1106 2328 iiii
1129 2281 1274 2348 respon-

198 2393 282 2460 dens
308 2397 363 2462 vei
389 2399 516 2465 omnino
545 2397 716 2465 diversum
735 2401 937 2489 eruptionem
956 2403 1084 2465 oderat.
1130 2399 1275 2464 Fecerunt

197 2531 324 2620 quidem
350 2534 463 2620 priore
487 2541 619 2620 aetate,
655 2538 708 2624 qui
736 2535 913 2602 cunicutnm
938 2507 1128 2600 scabiosum·
1151 2533 1275 2600 velient

196 2691 215 2740 a
240 2672 359 2757 paputa
384 2672 543 2755 originem
570 2670 704 2760 ducere,
723 2677 946 2737 verumtamen
966 2691 1005 2734 ou
1026 2671 1133 2761 opinio
1154 2674 1273 2736 tantum

196 2807 329 2896 aberat,
367 2795 403 2874 ut
430 2825 514 2874 vera
548 2825 629 2874 esse
663 2813 946 2892 cognosceretur,
982 2813 1015 2871 ut
1040 2803 1272 2871 Athin-Gras

195 2945 361 3010 contraria
386 2946 489 3013 omnia
517 2946 700 3012 evinceret.
753 2943 787 3008 bs
814 2943 915 3032 enim,
944 2943 1068 3028 pariter
1094 2948 1193 3027 atquae
1219 2943 1272 3007 atii

150 3141 155 3154 ,
194 3085 352 3169 nonrmlli,
380 3083 546 3149 cunicutos
575 3083 750 3150 scabiosos
779 3067 1002 3166 observavit,
1024 3079 1096 3165 qui,
1122 3079 1271 3162 utramvis
1406 3095 1413 3110 ·

194 3218 224 3282 in
252 3220 394 3310 papuiac
420 3219 539 3286 vicinia
567 3224 685 3286 essent
710 3219 909 3303 constructi,
942 3217 1028 3283 murila
1062 3223 1168 3282 tamen
1200 3235 1271 3281 cum
1299 3213 1302 3220 '

194 3351 311 3420 eadem
344 3355 573 3438 conjunctione
607 3354 864 3420 continerentur.
926 3351 972 3415 At
1003 3351 1087 3438 ista,
1129 3349 1172 3415 de
1207 3369 1270 3437 qua

191 3486 287 3555 modo
314 3487 471 3577 diximus,
505 3489 612 3574 opinio
644 3490 849 3576 inveterata,
883 3507 968 3576 quae
1003 3507 1145 3556 caussae
1178 3495 1268 3575 erat,

189 3647 248 3726 cur
273 3633 455 3714 sarcopten
482 3625 618 3692 bominis
647 3629 711 3693 tam
736 3643 812 3690 raro
840 3622 1105 3712 prehenderent,
1131 3644 1171 3692 eo
1196 3645 1269 3690 ma·

182 3765 295 3848 jorem
324 3763 418 3829 nobis
443 3780 579 3830 movere
604 3767 718 3855 potest
745 3761 967 3848 mirationem,
994 3760 1079 3850 quod
1099 3764 1170 3847 jam
1195 3765 1267 3829 Re-

191 3901 284 3966 nucci
306 3917 466 3986 nunquam
493 3899 720 3967 aitirmaverat
745 3899 884 3985 epinoou
910 3899 942 3963 in
967 3899 1104 3988 liquore,
1131 3900 1185 3985 qui
1201 3917 1267 3967 ve·

186 4034 292 4101 sicma
318 4036 554 4119 contineretur,
578 4035 730 4102 inveniri.

270 4374 326 4452 12)
369 4371 457 4440 Gmt.
492 4375 651 4458 Schmidt,
680 4381 729 4443 dic
749 4379 1035 4447 Hautkranlrbeiten
1063 4383 1155 4448 durcb
1184 4393 1264 4446 auat.

188 4471 325 4540 Ueteres.
348 4475 504 4539 erliutert.
547 4477 626 4543 Bari.
648 4483 740 4548 1848.
764 4505 815 4582 Ιρ.
839 4485 913 4548 283.
