3196 5224
589 409 899 542 1-43-

239 661 357 748 longus
381 677 432 728 ert
454 661 513 745 im,
535 664 620 730 latus
642 663 701 746 ξω.
747 668 851 732 Pedes
874 670 1070 747 anteriores,
1092 682 1128 731 ut
1150 663 1248 729 llblle
1266 669 1317 740 ⁶³)

240 764 334 842 dicit,
361 767 503 848 quinque
525 766 673 831 articulis
695 769 868 852 compositi
894 770 1038 852 setisque
1064 767 1216 831 instructi
1241 779 1318 827 suut

240 879 272 926 et
295 865 327 926 io
352 863 552 930 ambulantia
576 882 718 947 exeunt,
748 870 769 932 i.
794 891 822 933 e.
845 871 877 931 in
902 867 1043 950 petiolos
1067 870 1148 930 satis
1177 862 1315 948 longos,
1376 927 1378 932 .

241 985 361 1040 cavos,
392 966 424 1026 in
457 980 549 1045 parte
578 969 687 1031 antica
717 971 750 1032 in
770 963 1057 1053 sormamglcbuli
1079 963 1315 1046 amplificatos3

238 1063 303 1127 tut.
327 1061 433 1147 Vogel
458 1061 608 1130 iconibus
625 1073 674 1150 ⁸⁴)
698 1069 875 1131 secundum
901 1069 1155 1151 descriptionem
1169 1063 1315 1128 animal·

241 1161 318 1240 culi,
340 1185 436 1246 quam
457 1163 587 1246 ttaspatt
613 1165 761 1246 exhibet,
785 1166 958 1230 delineatis
975 1180 1200 1248 repraesentat
1216 1166 1315 1246 pedes

240 1265 423 1327 anteriores
448 1285 510 1326 sex
535 1263 681 1329 articulis
709 1269 927 1348 compositos,
959 1267 1076 1330 breves
1107 1281 1138 1328 et
1161 1286 1315 1338 crassos;

239 1363 339 1445 pedes
362 1366 563 1446 posteriores
590 1363 689 1428 multo
713 1367 942 1449 angustiores,
970 1369 1144 1447 praecipue
1176 1368 1314 1446 primum

240 1485 352 1526 eorum
377 1461 547 1526 articulum
572 1467 812 1543 tenuissimum,
838 1480 1013 1548 sequentes
1030 1480 1168 1548 quatuor
1185 1465 1314 1547 quidem

240 1564 441 1641 crassiores,
465 1577 607 1626 attamen
629 1567 855 1652 angustiores,
886 1587 980 1648 quam
1002 1567 1033 1627 io
1060 1564 1197 1645 pedibus
1222 1577 1313 1627 aute·

239 1662 400 1740 rioribus,
432 1661 603 1726 articulum
626 1663 774 1728 ultimum
799 1668 830 1728 in
858 1663 1005 1729 aculeum
1030 1664 1163 1748 longum
1187 1686 1313 1727 exeun·
1404 1747 1407 1754 ⁴

241 1779 315 1826 terri.
353 1759 589 1845 Bourguignon
606 1769 655 1843 ⁶⁴)
679 1765 850 1848 distinguit
870 1764 1037 1829 sceletum·
1051 1767 1228 1843 internam,
1251 1787 1314 1847 quo

240 1853 450 1938 constituitur
473 1875 648 1942 apparatus
671 1867 827 1928 motionis
851 1878 883 1926 et
905 1853 1079 1946 apparatus
1097 1865 1137 1926 ad
1155 1849 1314 1928 sortienda

240 1963 437 2025 nutrimenta
461 1962 656 2026 destinatus.
686 1967 885 2047 Apparatum
908 1965 1063 2027 motionis
1082 1962 1232 2026 efficiunt
1249 1978 1314 2025 tros

239 2063 407 2143 portiones
430 2054 591 2125 st'crnales
614 2060 679 2125 alia
698 2068 797 2148 juxta
823 2064 919 2128 aliam
943 2066 1088 2144 positae;
1117 2064 1157 2126 ad
1182 2085 1313 2142 procos-

239 2183 295 2224 sus
316 2163 499 2224 anteriores
526 2165 687 2243 portionis
716 2165 843 2228 madiae
871 2167 1008 2247 primum
1032 2185 1089 2244 par
1115 2163 1232 2244 pedum
1257 2185 1313 2242 ap·

238 2260 394 2343 plicatur,
426 2264 466 2323 ad
498 2261 650 2326 laterales
684 2266 852 2346 portiones
882 2263 1042 2326 sternales
1073 2284 1129 2344 par
1157 2260 1312 2334 alterum;

239 2383 296 2444 pes
319 2375 450 2424 constat
477 2365 562 2425 serie
590 2360 800 2428 articulorum
825 2362 1098 2441 orbiculatnrurn‚
1127 2380 1157 2424 et
1181 2360 1312 2424 ultimos
1390 2397 1393 2404 ·

239 2479 362 2530 tantum
380 2461 536 2526 articulus
550 2479 600 2526 cst
612 2465 777 2544 appendix
795 2485 875 2528 cava
889 2465 920 2526 in
935 2461 1168 2526 ambulacrium
1182 2463 1311 2523 exiens

239 2563 353 2628 Simile
377 2577 427 2626 est
448 2561 602 2625 sceletum
625 2564 741 2645 pedum
765 2566 982 2644 posteriorum
1011 2566 1041 2624 in
1065 2576 1168 2626 setam
1187 2550 1313 2624 exeun-

239 2668 329 2728 tium.
381 2663 467 2726 latcr
501 2663 638 2743 primum
673 2685 731 2743 par
762 2665 878 2744 pedum
913 2665 1113 2744 conspicitur
1143 2661 1313 2743 proboscis

238 2767 335 2847 cupiti
360 2762 495 2840 similis,
525 2749 563 2824 in·
582 2785 643 2846 quta
674 2764 766 2846 ragio
796 2765 863 2825 oris
888 2779 1026 2845 qtrtituor
1052 2763 1132 2824 setis
1156 2763 1314 2826 instructa

239 2880 306 2938 ειη
328 2863 361 2926 in
385 2863 544 2926 inferiore
566 2863 651 2924 facie
673 2861 771 2946 hujus
793 2864 893 2943 partis
910 2863 1215 2926 animadvertuntur
1231 2865 1314 2926 dirae

238 2962 394 3027 irrasillae
419 2962 621 3024 fortissimae
638 2959 843 3043 ⁸⁰),·fissura
865 2969 1045 3046 sejunctae,
1069 2985 1151 3045 quae
1169 2966 1314 3026 motione

238 3079 419 3144 spontanea
451 3059 553 3124 altera
582 3062 621 3122 ad
650 3060 785 3124 alteram
816 3064 984 3126 admoveri
1015 3077 1163 3143 possunt.
1217 3061 1312 3126 Oculi

238 3164 366 3247 aliaque
390 3182 543 3224 sensnum
569 3163 786 3226 instrumenta
814 3164 964 3248 dignosci
988 3178 1163 3245 nequeunt.
1210 3165 1314 3242 Caput

239 3279 270 3326 ct
293 3264 392 3345 pedes
416 3283 494 3342 prac
519 3282 554 3322 se
576 3260 686 3324 lerunt
708 3260 850 3324 colorem
875 3261 1035 3344 rubiginis
1058 3260 1239 3340 lucidioris,
1262 3283 1313 3324 re·

238 3361 359 3446 liquam
384 3381 501 3443 corpus
524 3359 665 3423 colorem
689 3360 906 3424 subalbidum.
951 3359 1103 3423 'l'runcus
1123 3379 1172 3422 cst
1189 3362 1313 3423 lorruae

209 3531 215 3548 ,
240 3477 369 3539 οιιιιιιε,
392 3464 424 3523 in
441 3458 643 3544 marginibus
656 3459 802 3540 pluribus
818 3463 973 3523 incisoris
989 3463 1185 3525 instructus:
1209 3461 1312 3523 lacies

239 3564 328 3626 dorsi
351 3564 384 3624 in
411 3561 549 3623 sormam
576 3556 699 3622 tuberis
723 3580 875 3622 convexa
892 3560 1129 3642 etsubaspera.
1175 3562 1211 3624 ln
1229 3562 1313 3624 sacic

238 3663 326 3726 dorsi
354 3663 601 3742 conspiciuntur
631 3657 751 3721 multae
777 3661 1017 3740 prominentiae
1047 3665 1203 3742 corsicae,
1233 3660 1312 3724 mol·

318 3921 373 4002 63)
417 3919 543 3983 Cbcmie
565 3923 625 3984 und
648 3919 829 4005 Mikroslrop
856 3942 904 3983 am
925 3918 1165 3984 Krnulrenbotte.
1209 3917 1316 3982 Erlou·

237 4025 295 4086 gen
319 4007 410 4069 tots.
454 4027 482 4088 p.
507 4009 558 4068 41.

319 4103 374 4186 64)
417 4101 533 4167 lconcs.
575 4103 649 4168 Tot».
674 4101 752 4184 th.
777 4108 799 4168 s.
823 4107 853 4170 8.
876 4105 907 4170 9.

320 4203 376 4280 65)
417 4203 514 4268 Recb.
536 4205 680 4268 catomol.
706 4217 737 4265 et
758 4205 873 4286 patbol.
896 4226 947 4267 sur
968 4206 997 4266 la
1017 4205 1084 4288 gale
1107 4206 1143 4264 dc
1164 4205 1315 4279 l’lromme,

239 4291 335 4350 libers.
359 4311 386 4353 v.
409 4287 547 4350 Heuocb.
591 4287 670 4348 Berl.
691 4290 784 4352 tots.
825 4309 856 4369 p.
877 4287 909 4351 6.

322 4388 378 4469 66)
421 4387 509 4450 floro
531 4388 552 4448 l.
574 4387 598 4454 l.
639 4408 671 4470 p.
694 4391 746 4454 41.
