3196 5224
621 489 875 562 ...55-

212 688 382 768 permittit,
404 700 439 752 ut
460 687 616 772 quostiam
641 685 791 752 homines
815 711 832 752 a
856 689 981 754 scabiei
1004 691 1156 773 contagio
1172 691 1289 754 immu-

214 809 272 850 nes
306 809 380 851 esse
409 802 612 866 statuamus,
654 791 694 851 ari
730 811 825 873 quam
856 792 1053 852 senteutiam
1088 790 1287 870 probandam

213 887 444 971 Ertlmauu¹’)
479 888 583 952 morbi
614 889 783 954 historiam
815 891 926 974 magni
958 891 1115 952 momenti
1147 904 1287 954 enarrat.

215 985 386 1050 Praeterea
414 1011 494 1052 vero
526 990 559 1052 itt
590 987 729 1073 singulis
759 987 949 1074 regionibus
980 989 1146 1053 bominum
1177 988 1287 1053 scabie

211 1083 429 1151 laborantium
454 1109 609 1152 numerus
631 1091 738 1153 utinor
761 1109 835 1154 ease
857 1089 997 1167 videtur,
1020 1111 1115 1173 quant
1138 1091 1171 1154 itt
1195 1087 1286 1164 aliis;
1324 1119 1327 1126 ·

213 1189 291 1269 quin
329 1190 428 1251 etiam
467 1191 584 1270 genius
624 1189 836 1252 stationarius
877 1188 988 1252 forsan
1027 1191 1126 1252 statui
1165 1192 1286 1270 possit3

212 1288 313 1366 Cairi,
336 1287 416 1350 urbe
439 1290 600 1373 Aegypti,
622 1290 653 1349 in
676 1288 814 1352 Corsica
829 1293 889 1368 ¹⁸),
913 1291 946 1350 in
970 1289 1085 1368 ltalia,
1108 1291 1140 1350 in
1165 1288 1286 1369 llispa-

213 1390 267 1451 nia
283 1387 411 1451 scaltias
428 1387 558 1451 morbus
579 1388 867 1470 frequentissimus
883 1410 958 1451 esse
973 1389 1088 1466 fertur,
1108 1389 1166 1450 sed
1188 1392 1284 1451 etiam

154 1491 158 1500 '
212 1488 244 1550 in
263 1487 474 1552 Griiulautiia.
491 1523 531 1538 -
554 1490 647 1551 Cutis
670 1509 749 1551 vero
771 1489 1007 1566 immundities,
1031 1491 1087 1551 a'c'r
1104 1503 1285 1569 corruptus,

212 1589 359 1651 munitior
383 1589 597 1670 humidaeque
619 1600 652 1650 et
671 1589 777 1652 uictus
793 1609 914 1670 pravos
931 1591 1058 1666 („victu
1080 1590 1160 1662 acri,
1184 1585 1285 1666 salso,

210 1688 322 1772 pingui
347 1689 521 1751 nascitur“
537 1724 576 1738 —
594 1686 697 1750 l‘lealt
713 1693 761 1770 ¹⁸)
784 1687 907 1751 scabiei
928 1689 1197 1771 propagationem
1220 1702 1284 1751 tant

213 1789 244 1848 in
269 1808 335 1849 uno
364 1787 546 1872 eodemque
574 1785 723 1865 bomine,
752 1809 848 1869 quam
880 1808 923 1848 ex
954 1786 1087 1850 bomine
1116 1787 1219 1852 altero
1251 1789 1285 1850 ia

211 1883 348 1948 alterum
371 1886 516 1949 maxime
537 1886 706 1968 adjuvant.
744 1886 920 1966 Propterea
942 1889 974 1948 in
1000 1887 1187 1951 carceribus
1213 1909 1285 1951 sca·

211 1984 281 2048 bias
312 1984 508 2049 creberrime
542 2000 638 2067 atque
671 1987 705 2046 in
737 1985 930 2080 foedissimo
960 1987 1066 2069 gradu
1094 2001 1283 2070 grassatum

210 2099 381 2168 propterea
409 2087 441 2148 in
469 2087 657 2148 universam
680 2080 811 2148 infimas
842 2082 951 2166 populi
974 2083 1098 2149 classes
1125 2088 1284 2152 infestare

210 2179 320 2265 solet,¹
341 2207 421 2269 quas
445 2187 555 2266 iuopia
576 2182 629 2246 vel
652 2184 781 2265 stupida
803 2184 959 2266 socordia
978 2186 1132 2266 impetiit,
1158 2191 1283 2270 quomi-

210 2307 271 2350 nus
307 2288 345 2350 ad
383 2287 466 2348 cutis
503 2282 660 2348 culturam
699 2305 808 2347 curant
844 2287 1066 2348 necessariam
1101 2287 1282 2351 conferant.

211 2386 385 2450 Praeterea
409 2386 492 2449 cutis
515 2398 628 2447 tonora
651 2405 886 2467 succorumque
908 2381 1015 2464 plena,
1037 2384 1142 2468 qualis
1165 2409 1283 2468 puero-

210 2508 279 2548 rum
304 2499 371 2564 eat,
400 2483 642 2566 proclivitatem
672 2484 711 2548 ad
735 2497 907 2564 sarcopten
938 2485 1034 2549 citius
1059 2486 1281 2566 recipiendum

98 2580 103 2586 ’
209 2586 316 2648 aliem.
359 2583 472 2648 Mares
495 2587 528 2647 in
553 2587 743 2649 universum
767 2583 878 2648 scabie
903 2585 1035 2665 saepius
1059 2582 1210 2649 laborare
1232 2587 1281 2648 di-

209 2701 343 2764 cuntur,
366 2707 460 2768 qoam
484 2685 638 2750 feminae.
682 2684 852 2762 Sartores,
878 2683 1021 2774 feminac
1044 2705 1105 2747 acu
1128 2705 1208 2766 opus
1232 2685 1281 2748 fa·

209 2786 344 2862 cientes,
368 2799 509 2863 sutores,
531 2781 680 2848 tcttt'ores
702 2797 919 2866 tonsorcsquc
940 2805 1140 2865 pannorum,
1164 2784 1281 2849 biblio·

207 2886 301 2968 pegi,
331 2882 467 2966 opifices
496 2885 691 2948 scriniorum
709 2885 872 2964 saepius,
913 2906 1006 2967 quam
1041 2883 1097 2947 alii
1127 2883 1282 2967 opifices,

208 2983 319 3048 scabie
341 2983 556 3061 infestantur,
586 2988 679 3067 cujus
711 2984 757 3046 rei
782 3005 913 3046 causam
938 3005 1009 3047 caut
1036 3005 1110 3047 esse
1134 2986 1282 3048 credide·

210 3086 283 3161 rim,
306 3085 389 3167 quod
414 3098 594 3166 sarcoptes,
619 3105 715 3167 quum
742 3085 845 3146 variis
870 3085 1005 3164 pannis,
1028 3080 1151 3162 linteis,
1173 3083 1281 3162 lanae,

208 3182 361 3264 pellibus,
387 3183 503 3268 glutini
527 3181 623 3247 facile
648 3198 679 3246 et
701 3181 839 3246 firmiter
862 3180 1057 3260 adhaereat,
1090 3184 1205 3246 iisdem
1229 3205 1281 3246 re·

208 3282 267 3347 bus
296 3285 393 3348 ctiam
421 3284 551 3346 facilior
582 3297 616 3346 et
649 3285 769 3346 certius
799 3304 843 3345 ex
877 3282 1009 3344 bomine
1044 3283 1076 3344 in
1113 3281 1279 3346 bominem

208 3385 378 3448 transferri
415 3384 529 3464 possit.
594 3374 874 3464 frequentissime
916 3393 1024 3444 autem
1067 3382 1139 3444 sina
1181 3381 1280 3446 dubio

208 3485 404 3550 transfertur
433 3481 561 3546 scabies
591 3482 717 3545 directo
749 3493 902 3545 contactu
931 3478 1076 3543 locorum
1101 3482 1184 3544 cutis
1208 3503 1281 3546 sca-

206 3584 260 3648 bie
283 3585 493 3662 affectorum,
521 3603 620 3666 quare
642 3601 721 3646 usus
743 3579 890 3666 ejusdcm
913 3577 990 3644 lecti
1017 3580 1189 3645 infectioni
1212 3603 1280 3646 ma·

209 3795 513 3812 m

287 3949 340 4018 17)
381 3943 406 4008 l.
429 3944 453 4006 l.
496 3967 528 4026 p.
550 3945 623 4012 242.

287 4045 342 4126 18)
383 4043 499 4108 Auctor
513 4041 695 4106 corsicanus
717 4043 961 4126 intelligentiam,
984 4043 1174 4106 sedulitatem
1197 4045 1292 4127 inge-1

208 4127 352 4210 uiamque
384 4127 550 4189 incolarum
580 4127 663 4188 urbis
684 4123 829 4190 Sarteuae
853 4126 1015 4208 privilegio
1041 4129 1203 4205 adscribit,
1232 4149 1279 4188 aa·

205 4213 335 4359 {iuppiter
357 4211 435 4294 quoti
455 4211 658 4273 tautummodo
678 4209 851 4273 homiuibus
871 4209 1017 4272 rcabiorir
1038 4210 1071 4273 in
1092 4212 1279 4274 cohabitare

287 4391 342 4474 ιι)
382 4393 406 4464 t.
423 4394 447 4464 t.
475 4415 507 4484 p.
530 4395 583 4462 ιι.
