3196 5224
715 471 969 542 ...54-

311 669 427 732 deesse
465 670 663 743 docuerunt;
699 668 877 750 eademque
913 665 1102 747 deroganda
1136 675 1187 726 est
1218 665 1382 726 contentia

306 767 622 834 efflorescentiarum
646 768 788 844 scabiei,
811 785 1003 849 quamquam
1028 785 1045 825 e
1069 763 1231 846 sanguine
1253 777 1382 826 secreta

305 881 400 944 sunt,
434 881 466 928 et
491 865 617 930 salivae
640 866 866 930 scabiosorum
883 871 944 948 Η).
966 899 1007 912 -
1042 861 1107 929 Ubi
1134 875 1241 925 nutem
1266 877 1380 926 contu-

304 967 393 1048 gium
417 969 617 1031 exstinctum
642 983 702 1043 est,
726 963 859 1028 morbus
882 963 1021 1041 scabiei,
1044 965 1071 1025 si
1092 965 1160 1044 ium
1184 962 1239 1024 diu
1263 963 1380 1042 perdu-

306 1067 402 1142 ravit,
424 1067 522 1128 etiam
544 1068 615 1129 sine
638 1067 782 1148 contagii
804 1065 1019 1128 fundamento
1040 1064 1109 1126 suis
1131 1063 1235 1144 ipsius
1252 1061 1380 1125 viribus

304 1162 522 1248 aliquamdiu,
553 1178 696 1229 attamen
726 1177 850 1226 tanturn
880 1162 980 1226 bravo
1012 1177 1158 1243 tempus,
1193 1162 1402 1238 continuari,

304 1277 430 1344 potest,
465 1265 677 1328 iniectionem
706 1285 785 1326 vero
808 1275 875 1325 tom
898 1260 972 1325 ficri
991 1265 1060 1346 J'am
1087 1283 1151 1325 non
1175 1281 1290 1342 posse,
1323 1283 1379 1342 per

305 1383 340 1424 se
362 1361 565 1446 intelligitur.

387 1459 548 1536 Quaestio
571 1483 669 1542 porro
693 1476 745 1526 est
771 1465 916 1526 maxime
946 1463 1129 1525 attentione
1152 1461 1270 1546 digna,
1302 1481 1378 1524 num
1425 1471 1431 1480 “

304 1560 441 1644 quilibet
463 1560 560 1624 bomo
584 1562 624 1622 ad
646 1563 868 1643 recipiendum
892 1575 1066 1642 sarcopten
1090 1575 1183 1642 aptus
1208 1563 1261 1622 sit.
1304 1559 1379 1624 Ma·

304 1661 460 1724 pisostum
486 1673 548 1738 est,
568 1675 751 1725 contactum
777 1661 934 1724 directum
961 1659 1107 1724 locorum
1134 1663 1281 1742 corporis
1305 1681 1378 1723 sca·

305 1759 358 1820 bie
384 1760 601 1838 inflecterent,
632 1759 684 1823 vel
725 1782 895 1843 corporum
934 1775 1152 1838 mortuorum,
1192 1761 1224 1822 in
1262 1759 1378 1843 quibus

305 1873 477 1939 sarcoptae
514 1875 687 1925 versantur
721 1862 973 1946 (contagionem
1010 1857 1167 1922 directam
1204 1857 1256 1922 vel
1292 1860 1377 1923 indi·

305 1966 453 2036 ractam),
475 1973 606 2040 proptor
628 1963 815 2044 contagium
838 1961 1012 2024 admodum
1035 1957 1139 2022 fixum
1164 1961 1297 2022 omnino
1320 1947 1394 2022 ne?

304 2059 483 2122 cessarium
507 2081 599 2138 osse,
626 2073 770 2124 attamen
797 2061 914 2138 etiam,
942 2057 997 2121 ubi
1020 2072 1190 2122 contactus
1213 2058 1376 2142 ojusrnodi

302 2155 408 2220 locum
434 2156 564 2237 habuit,
585 2158 670 2222 alias
694 2163 839 2222 rationes
860 2159 1080 2240 receptionem
1104 2171 1287 2238 sarcoptue,
1311 2156 1376 2236 vel,

303 2259 386 2340 quod
412 2258 553 2322 sortasse
577 2261 697 2323 rectius
719 2259 892 2322 dicendum
916 2273 977 2333 est,
1002 2256 1126 2322 scabiei
1153 2255 1375 2320 evolutionem

302 2372 334 2419 et
356 2357 566 2421 diffusionem
590 2379 646 2438 per
670 2380 786 2439 corpus
809 2358 985 2439 impedito,
1007 2355 1092 2420 aliae
1116 2379 1193 2418 vero
1217 2357 1375 2440 adjuvare

217 2496 218 2505 ι
301 2458 464 2520 videntur.
502 2453 705 2540 Quutnquatn
730 2455 880 2538 permulti
903 2459 1020 2520 medici
1044 2457 1201 2522 continuo
1223 2457 1376 2520 curandis

301 2557 446 2639 aegrotis
470 2554 829 2629 scabielaborantibus
852 2578 982 2637 operam
1005 2571 1145 2634 navent,
1170 2571 1278 2619 teman
1300 2577 1374 2620 raro

281 2643 384 2718 ¹trnrts
407 2653 532 2719 alterve
557 2655 619 2720 hnc
643 2656 819 2720 fastidioso
843 2655 956 2720 morbo
980 2659 1164 2738 corripitur.
1207 2653 1374 2720 Munditie

300 2757 332 2817 in
359 2757 547 2825 universum
572 2770 684 2838 aperte
708 2754 839 2820 tutelam
865 2770 1010 2837 praestat
1034 2777 1052 2818 u
1076 2756 1248 2839 contagio,
1277 2777 1373 2840 quum

300 2856 486 2937 contagium
518 2879 575 2937 par
605 2871 788 2920 contactum
820 2858 957 2935 tempori
985 2871 1016 2919 ct
1048 2859 1154 2937 spatio
1181 2856 1373 2918 adstrictum

300 2955 353 3015 sit.
399 2954 500 3017 l'orro
530 2953 698 3034 homines,
734 2958 787 3038 qui
817 2957 974 3018 contiuuo
1005 2970 1179 3020 versantur
1207 2957 1293 3018 inter
1320 2978 1373 3019 res

299 3054 564 3136 adstringenter,
593 3057 722 3130 acidas,
756 3053 919 3137 talesque,
949 3077 1032 3140 quae
1056 3057 1198 3120 fortusse
1221 3075 1301 3139 gasa
1323 3057 1373 3117 in·

299 3167 388 3216 secta
412 3155 563 3218 necantia
587 3153 757 3234 exhalant,
777 3155 817 3218 ab
841 3153 903 3218 boc
926 3159 1080 3239 contagio
1095 3159 1257 3220 immunes
1274 3154 1371 3228 liunt3

299 3274 329 3316 v.
347 3276 374 3315 c.
392 3251 528 3334 opifices
545 3254 763 3333 metallorum,
781 3253 893 3318 fabros
910 3255 1078 3332 ferrarios,
1095 3257 1248 3337 pistores,
1265 3275 1372 3317 rnuro-

298 3376 366 3416 rum
385 3369 575 3434 structores,
598 3357 767 3434 tinctores,
790 3355 947 3436 pileorum
964 3357 1183 3432 confectores,
1199 3356 1372 3432 coriarius,

297 3457 430 3534 saponis
441 3453 657 3519 fabricatores
670 3456 739 3519 iere
753 3477 913 3538 nunquam
928 3455 1039 3518 scabie
1052 3453 1140 3518 allici
1154 3454 1371 3533 videmur,at·

297 3575 358 3634 que
373 3555 405 3615 in
422 3556 543 3617 vicinia
561 3553 767 3619 officinarum
784 3556 926 3618 arsenici
943 3567 976 3616 et
992 3552 1112 3635 plumbi
1125 3565 1298 3635 sarcoptsn
1312 3553 1371 3617 bo·

297 3654 394 3714 ruinis
410 3650 538 3737 aliaque
554 3656 678 3718 insecta
704 3659 807 3718 noxia
831 3656 964 3717 omnino
989 3675 1053 3716 non
1079 3655 1215 3734 reperiri
1238 3655 1371 3717 sciurus.

297 3748 458 3815 Homines
472 3751 610 3834 amplius
623 3756 757 3838 triginta
772 3776 878 3817 annos
896 3755 963 3816 neti
981 3755 1091 3816 scabie
1103 3775 1177 3816 raro
1191 3755 1308 3836 corripi
1323 3754 1371 3816 di-

297 3867 423 3928 contur,
455 3866 550 3936 atquo
572 3853 668 3915 ctiam
696 3855 749 3931 iis,
777 3855 832 3936 qui
856 3853 978 3916 morbis
1002 3855 1104 3916 aninri
1124 3851 1286 3932 laborant,
1311 3856 1370 3916 im-

296 3953 437 4014 munitas
450 3951 490 4013 ab
503 3952 682 4016 infactione
695 3952 822 4016 scabiei
833 3953 1039 4017 adscribitur.
1067 3949 1163 4027 Quod
1178 3973 1242 4016 non
1256 3955 1289 4016 in
1301 3973 1369 4016 ottr-

297 4049 392 4113 nibus
416 4050 602 4114 hominibus
624 4055 851 4134 experimenta
874 4055 1042 4116 insitionis
1063 4054 1254 4131 sarocedont,
1275 4053 1370 4116 nobis

293 4245 600 4260 m

378 4379 433 4458 16)
474 4367 682 4444 Dcutrchbcin
703 4381 726 4448 l.
748 4347 771 4447 l.
807 4401 839 4464 p.
861 4383 914 4444 37.
1018 4385 1023 4394 '
