3196 5224
748 416 998 490 ..qq-

332 619 405 684 sine
434 618 530 684 dnbio
559 635 685 704 operae
714 620 851 705 pretium
881 625 955 705 est,
990 617 1179 702 diligentius
1213 615 1412 684 examinare.

333 751 409 817 dam
448 755 544 836 tongo
584 753 702 821 abhinc
739 760 887 840 tempore
920 753 962 820 de
1008 753 1135 820 scabiei
1176 750 1412 846 metastasiirus

333 885 441 974 deque
467 890 580 958 scanie
606 891 719 958 critica
745 891 832 976 loqui
858 895 1053 978 coeperunt,
1080 907 1164 975 quas
1191 885 1320 974 quidem
1338 885 1413 971 opi-

333 1027 449 1093 niones
474 1048 494 1094 a
520 1031 628 1095 veteri
661 1028 853 1114 pathotogio
890 1028 984 1114 qnasi
1020 1023 1207 1092 hereditate
1232 1029 1413 1109 acceptas,

334 1165 481 1248 quamvis
508 1170 631 1250 postea
658 1165 765 1230 mattis
793 1137 1055 1231 cavillationibus
1080 1160 1413 1250 multaqueirrisione

334 1303 502 1388 persecuti
522 1307 651 1388 essent,
668 1303 795 1368 omnioo
815 1307 922 1370 emen
939 1307 1152 1368 contemnere
1171 1305 1269 1385 atque
1287 1317 1412 1390 ospor-

334 1440 406 1503 nori
431 1439 518 1504 nutio
550 1437 645 1504 modo
679 1442 864 1522 potuerunt.
919 1439 1092 1524 Namque,
1124 1437 1153 1502 si
1184 1435 1318 1500 scabies
1341 1435 1412 1518 jam

334 1576 523 1639 inveterata
560 1571 716 1638 remediis
752 1572 851 1638 vaide
878 1571 1078 1638 irritantibus
1105 1571 1248 1637 ceterius
1275 1570 1413 1662 suppri-

336 1712 449 1798 mitur,
476 1725 603 1792 organa
628 1726 712 1794 quae
733 1709 802 1790 jam
827 1709 918 1794 prius
946 1708 989 1772 ad
1015 1709 1190 1776 morbosus
1216 1710 1413 1776 affectiones

336 1849 497 1937 proclivia
524 1853 630 1934 erant,
657 1846 765 1912 subito
792 1847 924 1934 corripi,
953 1863 1059 1934 eaque
1084 1846 1211 1911 ratione
1230 1845 1412 1936 pulmonum

335 1985 504 2060 tubercula
534 1987 662 2069 majore
698 1986 794 2077 copia
833 1984 1026 2070 decomponi
1061 1991 1161 2070 atque
1195 1981 1411 2068 mollescere,

335 2119 509 2187 oedemata
530 2122 634 2187 'nasci
667 2123 839 2208 ipsamque
871 2123 966 2207 sequi
998 2139 1103 2213 posse
1132 2125 1268 2188 mortem
1284 2111 1349 2213 18),
1378 2117 1435 2212 id·

335 2255 474 2343 quidem,
500 2275 594 2342 quom
618 2277 680 2322 usu
705 2263 739 2323 et
764 2257 971 2343 experientia
995 2259 1080 2324 satis
1106 2257 1271 2340 cognitum
1295 2257 1350 2344 sit,
1379 2257 1411 2322 in

335 2391 461 2456 dubium
486 2393 623 2482 amptius
647 2395 762 2461 vocari
787 2395 907 2479 nequit.
947 2392 1088 2480 Deinde,
1116 2394 1145 2460 si
1175 2392 1304 2480 quondo
1329 2411 1411 2459 sco-

206 2596 209 2602 ,
334 2528 407 2592 bies
432 2529 463 2593 in
488 2529 672 2594 effectionis
698 2529 837 2612 aiicujus
863 2530 1131 2597 inflammatoriae
1158 2535 1215 2596 aut
1239 2531 1321 2596 atius
1345 2549 1410 2613 ge·

335 2664 426 2727 neris
461 2661 606 2728 decursu
643 2665 823 2752 ingruerit,
861 2667 958 2730 istam
987 2665 1194 2732 affectionem
1230 2667 1261 2730 in
1296 2667 1410 2732 meiius

334 2799 449 2864 mutari
478 2799 668 2888 pariterque
697 2807 804 2867 statas
830 2802 1005 2869 morbosos
1032 2803 1085 2890 qai
1110 2804 1226 2871 scabie
1253 2811 1411 2872 cessante

227 2967 228 2970 π
335 2935 510 3022 orirentnr,
538 2937 582 3000 oti
607 2935 879 3027 rheumatismum,
905 2937 1021 3006 eadem
1044 2946 1162 3006 exorta
1188 2959 1305 3006 rursus
1326 2942 1410 3007 sob-

333 3072 421 3138 iatos
448 3089 549 3155 esse,
574 3111 625 3123 —-
657 3079 713 3140 est
738 3093 821 3140 sone
845 3073 921 3140 ittud
947 3093 1075 3162 quoquc
1099 3075 1186 3164 tote,
1213 3077 1300 3164 qood
1327 3096 1411 3146 nune

333 3215 430 3276 entra
452 3230 577 3279 omnem
601 3211 811 3280 dubitationis
836 3213 941 3281 aleam
967 3211 1010 3278 sit
1034 3212 1186 3302 positum.
1230 3214 1304 3280 Nos
1327 3213 1411 3280 haec

333 3345 462 3430 quidem
488 3349 688 3436 saepissime
721 3351 904 3417 observata
931 3369 996 3418 uon
1025 3371 1202 3437 poseamus
1229 3353 1410 3446 explicare,

331 3483 395 3548 nisi
428 3485 583 3550 scabioso
619 3485 852 3554 exanthemate
885 3507 956 3554 eum
986 3487 1059 3554 aliis
1087 3486 1279 3573 quibusdam
1316 3487 1410 3555 deri-

332 3619 518 3688 vationibus
542 3621 784 3716 comparando,
813 3641 914 3712 quas,
950 3624 1033 3690 artis
1063 3641 1127 3716 ope
1154 3628 1262 3690 cutem
1284 3641 1410 3692 versus

330 3753 516 3844 institutas,
549 3775 755 3845 nequaquam
790 3759 959 3826 intermitti
984 3764 1039 3824 out
1066 3759 1257 3830 submoveri
1282 3777 1409 3848 posse,

331 3889 416 3955 inter
451 3910 565 3960 omnes
599 3899 740 3962 constat.
798 3894 884 3962 Hine
916 3896 1030 3965 evenit
1053 3896 1116 3986 uti,
1144 3895 1409 3984 quemadmodum
1524 3961 1531 3976 ,

330 4125 659 4152 -Ι--ὴ-ι,

414 4303 467 4384 18)
510 4302 671 4370 Ettmidier
693 4309 723 4373 ia
744 4307 852 4374 Claros
873 4333 905 4374 u.
931 4307 1047 4376 Radius
1068 4310 1165 4382 Beitr.
1187 4311 1232 4378 ll.
1257 4309 1284 4380 l.
